1780 3120
356 241 439 296 [492
900 254 931 282 s.
974 252 1163 282 Amnuosu

353 329 619 387 prehendens
637 318 758 380 euin,
781 344 867 373 non
890 330 981 374 sivit
1000 331 1090 373 haec
1112 331 1291 380 sentire,
1315 345 1408 388 qnae
1426 329 1542 400 dixit.
1568 329 1717 375 Revin-

353 399 477 442 cebat
505 399 646 457 itaque
665 408 709 443 et
737 402 1018 460 redarguebat
1045 417 1115 444 me
1150 401 1334 444 veritatis
1363 401 1509 443 lumen
1532 399 1715 444 offusum

353 469 492 513 animo
509 485 630 523 meo,
651 486 702 515 eo
725 474 840 530 quod
856 487 942 515 non
970 480 1085 515 recte
1109 471 1344 526 dixerimr«
1368 471 1468 515 Sine
1493 477 1619 515 causa
1633 471 1717 530 jus-

351 538 536 585 »tificavi
567 558 642 586 cor
659 558 816 587 meum.
840 544 1057 588 »Locutus
1084 558 1179 586 sum
1204 542 1319 586 enim
1350 543 1420 586 illa
1448 550 1651 601 tanquam
1674 542 1716 586 in

351 611 537 655 tenebris
560 614 835 664 constitutus,
861 623 905 658 et
928 614 1172 658 recordanti
1193 614 1264 657 illa
1285 613 1388 656 mihi
1416 627 1491 656 cor
1514 629 1718 673 compun-

351 681 551 740 gebatur:
568 693 825 743 compuncto
843 692 983 727 autem
1004 685 1155 734 corde,
1179 683 1498 727 illuminabatur
1517 683 1713 732 affectus;

354 760 400 795 ut
416 751 537 796 fieret
556 753 597 796 in
624 756 754 797 corde
774 770 870 797 meo
886 755 991 813 ignis
1012 755 1346 814 flammigeram,
1373 753 1446 812 qui
1470 754 1653 799 faciebat
1674 755 1716 798 in
1766 782 1776 789 «

351 837 419 866 me
457 823 539 866 diei
575 825 759 883 spiritale
797 826 1065 884 principium.
1104 826 1346 869 Illuminata
1376 825 1520 884 itaque
1554 825 1716 870 oriente

349 892 455 936 mihi
476 893 565 944 die,
589 904 634 938 et
658 895 775 953 quasi
804 896 846 938 in
878 897 1015 940 meltis
1047 896 1265 940 matutinis
1297 895 1460 955 positus
1478 928 1489 946 ‚
1518 895 1719 954 intellige-

350 962 448 1005 bam
475 963 571 1020 quia
599 973 715 1008 extra
745 966 1093 1009 constitutionem
1119 966 1401 1024 generationis
1428 965 1614 1008 filiorum
1640 966 1718 1009 Dei

348 1033 483 1077 sactus
500 1050 608 1078 sum.
638 1036 723 1089 Qui
749 1053 847 1080 cum
870 1037 1008 1096 primo
1031 1032 1305 1081 credidissem
1325 1071 1336 1088 ‚
1361 1053 1412 1082 eo
1439 1039 1555 1096 quod
1575 1053 1719 1096 opera·

351 1112 416 1148 tor
430 1107 579 1150 mundi
595 1108 819 1165 providens
841 1110 1104 1166 generationi
1125 1110 1345 1159 humahae,
1370 1110 1513 1152 omnia
1534 1111 1588 1152 ad
1609 1109 1719 1152 utili-

352 1183 478 1219 tatem
499 1178 631 1221 nostri
648 1180 714 1220 vel
736 1178 900 1223 tristitia
917 1212 928 1229 ,
956 1182 1021 1223 vel
1041 1196 1089 1223 ca
1106 1196 1200 1238 quae
1222 1197 1373 1239 parum
1395 1180 1632 1230 delectent,
1657 1179 1720 1224 se-

351 1246 481 1297 cerit3
505 1255 594 1290 tam
623 1248 780 1291 bonam
809 1250 1061 1293 sententiam
1101 1251 1418 1309 postcapra-vis
1449 1250 1719 1309 opinionibus

352 1317 544 1361 turbatus
569 1319 796 1363 amiserim.

406 1387 541 1433 XVII.
573 1389 853 1435 conferebam
875 1392 1015 1450 itaque
1039 1407 1139 1435 cnm
1166 1394 1295 1435 corde
1315 1408 1411 1442 ineo
1427 1425 1438 1441 ,
1457 1400 1499 1435 et
1524 1392 1717 1435 dicebam

348 1457 472 1501 mihi:
490 1477 506 1498 α
523 1459 759 1526 Sinai-rabo
769 1463 845 1511 sic,
859 1462 955 1520 quia
965 1463 1054 1506 sine
1068 1462 1432 1520 causal'justificavi
1445 1477 1708 1510 cormeum‚»

349 1530 601 1573 occurrebat
630 1532 734 1575 mihi
759 1532 836 1575 Dei
859 1548 939 1576 vox
967 1533 1112 1576 dicens
1131 1549 1141 1576 ε
1159 1552 1175 1573 α
1190 1534 1303 1576 Ecce
1328 1532 1589 1592 generationi
1609 1530 1719 1576 filio-

349 1614 475 1642 »rum
507 1608 679 1645 tuorum
705 1603 773 1646 cui
797 1603 982 1662 disposui
1003 1603 1014 1625 ¹
1040 1620 1049 1646 :
1070 1623 1085 1644 n
1109 1604 1152 1648 id
1172 1613 1259 1655 ost,
1288 1620 1390 1648 ecce
1415 1605 1460 1648 in
1491 1603 1720 1662 scripturis

350 1670 533 1723 invenis,
562 1688 586 1716 o
613 1683 660 1718 tu
694 1675 857 1725 Adam,
882 1675 981 1733 quia
1014 1675 1200 1734 disposui
1237 1675 1503 1735 generationi
1533 1675 1717 1718 filiorum

351 1748 521 1784 tuorum
533 1760 546 1792 ς
571 1745 667 1801 quia
684 1745 858 1788 fortuito
879 1746 1032 1791 ‹livitiae
1054 1748 1106 1790 ad
1126 1747 1293 1805 impios,
1313 1762 1398 1790 non
1414 1747 1554 1804 aliquo
1569 1743 1719 1790 merito

352 1811 609 1863 deserantur,
628 1831 707 1858 nec
728 1816 900 1875 praemia
913 1817 1077 1860 virtutis
1090 1825 1189 1860 sunt
1204 1818 1494 1860 emolumenta
1507 1817 1693 1861 thesauri
1706 1833 1716 1860 :

350 1897 431 1926 nec
455 1899 480 1927 e
501 1885 714 1929 contrario
743 1887 885 1946 inopia
917 1903 1042 1945 poena
1070 1888 1237 1946 peccati
1263 1895 1349 1937 est,
1383 1888 1459 1930 sed
1492 1886 1721 1931 indiscrete

352 1955 526 1999 veniunt
551 1957 649 2007 ista,
674 1973 767 2015 quae
788 1961 917 2002 modo
931 1958 1119 2002 fluminis
1141 1960 1328 2017 quodam
1354 1959 1501 2002 saeculi
1513 1958 1719 2017 profluvio

352 2026 608 2071 volutantur.

413 2096 569 2141 XVIII.
601 2099 655 2142 Et
685 2100 979 2144 existimabam
995 2100 1036 2151 ²,
1061 2109 1103 2143 et
1131 2100 1306 2144 videbar
1330 2099 1435 2143 mibi
1464 2111 1719 2158 cogntscire

353 2166 435 2210 hoc
463 2183 554 2211 esse
588 2185 760 2220 verum,
800 2172 883 2215 hoc
922 2187 1158 2230 congruere
1195 2171 1344 2214 divinae
1374 2171 1648 2230 providentiae
1677 2177 1718 2212 et

353 2239 603 2289 convenire:
621 2256 691 2284 me
713 2249 855 2286 aute-m
875 2242 1029 2286 frustra
1054 2243 1096 2286 in
1117 2243 1166 2287 iis
1189 2243 1409 2286 turbatum
1431 2257 1544 2293 esse,
1570 2242 1614 2286 in
1631 2240 1703 2300 qui

352 2307 433 2353 bus
451 2308 657 2354 inhaerere
673 2327 759 2357 non
777 2314 919 2357 debui.

402 2404 516 2439 tPsal.
536 2416 636 2446 uxn,
658 2408 759 2439 15.-
777 2416 790 2431 ¹
809 2407 894 2440 ibid.
914 2408 959 2440 16.
