1780 3120
392 235 446 265 nn
475 234 868 267 turn-»muman
897 237 982 266 aon.
1019 238 1100 267 mn.
1138 238 1166 266 1.
1374 221 1459 274 425

89 305 227 373 §ustis
247 311 505 357 conditionis
527 311 765 358 iufirmitas.
790 315 853 359 Ita
873 315 980 359 nihil
995 315 1185 375 periculo
1203 322 1339 359 vacat.
1359 313 1462 358 For-

86 382 247 443 ,titudo
260 382 574 445 et3maguitudo
596 385 675 428 viri
692 400 765 428 sua
787 393 995 445 potestate
1015 385 1242 445 decipitur,
1265 383 1468 444 improbi-

90 461 169 497 .tas
180 444 396 513 affligitur,
413 455 546 498 virtus
565 456 743 499 ridetur.
764 456 841 499 llle
856 457 952 516 quia
978 458 1071 515 plus
1089 459 1252 517 potest,
1275 455 1460 500 labitur:

93 523 182 582 iste
201 523 301 588 quia
330 522 437 567 nihil
459 533 621 583 potest,
653 526 864 584 affligitur.
897 526 1161 570 Conditiouis
1191 535 1257 571 est
1284 524 1461 574 vitium,

86 593 200 651 -quia
220 602 253 632 ἰ
269 592 362 637 Vita
395 604 538 639 nostra
569 596 702 640 levior
725 605 789 640 est
813 612 999 641 cursore.
1031 596 1262 645 Transivit,
1287 603 1332 639 et
1358 594 1466 638 nihil

85 663 251 729 *svidit-
274 663 496 724 Tanquam
519 667 637 710 navis
662 659 909 726 vestigium,
940 676 1014 712 aut
1039 668 1189 726 aquilae
1221 665 1399 713 volantis
1424 673 1469 708 et

102 726 362 792 :quaerentis
387 736 553 780 escam*
572 754 585 786 ;
614 756 632 777 ι
659 737 716 780 ita
737 738 922 796 praetcrit
942 737 1088 783 et<vita
1114 735 1313 786 hominis.
1339 735 1469 789 Quod

99 803 340 863 loquimur,
372 804 668 856 obliviscimur
675 824 689 858 3
726 822 807 851 nee
839 808 975 851 ullum
1005 807 1206 850 transitus
1238 805 1372 849 nostri
1406 804 1469 850 in-

84 869 224 933 'si'gne
260 875 620 934 deprehenditur,
653 876 734 921 nisi
761 876 879 936 quod
912 876 967 920 sit
999 878 1176 937 plenum
1201 874 1396 919 moeroris
1427 882 1472 919 et

102 944 299 1004 gemitus.
329 964 348 986 ι
369 946 626 998 Concutior,
649 947 811 1006 inquit,
833 947 1032 991 omuibus
1053 946 1272 991 memhris.
1300 945 1468 990 Utinam

102 1032 123 1056 ι
132 1014 189 1058 sit
203 1015 413 1079 mediator
428 1026 573 1063 noster
587 1030 767 1076 arguens
781 1025 826 1060 et
846 1015 1084 1075 dijudicans
1105 1016 1217 1060 inter
1238 1023 1469 1074 utrumque

100 1083 377 1131 »nostrumfi
396 1106 416 1129 ι

161 1146 364 1210 XV11.«
383 1155 534 1200 Dicam
559 1150 775 1201 Domino:
806 1157 951 1212 Quare
980 1156 1042 1200 sic
1064 1171 1135 1200 me
1164 1155 1367 1213 judicas?
1395 1155 1463 1198 An

87 1216 298 1282 photium
320 1226 399 1270 tibi
423 1235 489 1270 est
507 1235 557 1270 ut
580 1227 765 1287 injustus
783 1243 863 1288 ego
884 1228 987 1276 sim;
1007 1227 1107 1286 quia
1127 1226 1319 1286 repulisti
1338 1240 1466 1284 opera

82 1295 130 1338 ἰ.
125 1312 341 1361 manuum
358 1293 553 1349 tuarum,
571 1307 615 1348 et
631 1262 838 1343 consilioo·
825 1299 1055 1359 impiorum
1071 1297 1312 1342 intendisti.
1300 1299 1319 1324 ‘³
1339 1296 1470 1342 Num-

104 1365 254 1430 »quid
260 1369 371 1413 sicut
380 1370 572 1414 mortalis
592 1369 726 1419 videt,
748 1369 810 1413 sic
824 1369 963 1419 vides3
981 1377 1056 1412 aut
1075 1368 1158 1412 vita
1178 1376 1251 1412 tua
1263 1367 1374 1412 sicut
1394 1367 1469 1410 ho·

103 1436 284 1488 »minis,
311 1447 386 1482 aut
405 1439 505 1487 anni
523 1438 589 1483 tui
608 1439 720 1483 sicut
739 1439 841 1488 viri3
863 1438 962 1497 quia
986 1435 1204 1496 exquisisti
1225 1436 1468 1518 iniquitates

103 1527 123 1551 ι
134 1523 276 1559 meas,
294 1517 337 1552 et
351 1518 528 1568 peccata
547 1524 643 1552 mea
658 1509 945 1568 investigasti?
961 1509 1080 1553 Nosti
1095 1508 1210 1552 enim
1224 1506 1323 1567 quia
1339 1507 1469 1567 impie

82 1578 85 1582 ⁴
104 1595 220 1622 »non
235 1579 343 1639 gessi
361 1595 372 1623 :
396 1579 470 1622 sed
485 1580 579 1638 quis
594 1588 659 1623 est
678 1580 751 1638 qui
771 1581 825 1623 de
839 1579 1036 1622 manibus
1065 1579 1150 1622 tuis
1179 1576 1381 1622 eruatur-³
1398 1577 1417 1620 Ξ)
1439 1595 1456 1617 »

103 1649 254 1708 Magna
282 1648 413 1699 fides,
441 1664 595 1708 magna
629 1649 858 1693 auctoritas
887 1648 1187 1703 conscientiae,
1220 1648 1359 1692 Deum
1386 1655 1468 1690 tes-

103 1728 193 1764 tem
209 1720 364 1764 mentis
387 1736 475 1764 suae
496 1735 725 1764 arcessere.
750 1720 880 1774 Quod
901 1720 1157 1763 conditionis
1172 1727 1262 1769 est,
1285 1734 1371 1762 non
1395 1734 1468 1762 ne-

102 1799 177 1851 gat
198 1807 213 1835 z
249 1792 367 1850 quod
399 1790 630 1850 impietatis
668 1799 734 1834 est
747 1823 761 1841 ,
798 1790 966 1849 repellit
983 1805 995 1833 :
1031 1791 1149 1849 quod
1184 1788 1441 1832 infirmitatis
1457 1821 1468 1835 .

104 1857 274 1905 fatetur.
314 1861 522 1905 Peccasse
557 1860 813 1905 conditionis
851 1870 941 1909 est,
973 1861 1074 1918 quia
1106 1875 1233 1903 nemo
1267 1859 1467 1903 immunis

88 1933 246 1991 ,lapsus
259 1940 353 1975 est:
374 1932 505 1992 impie
521 1947 644 1990 agere
661 1947 749 1974 non
764 1931 1021 1974 conditionis
1038 1940 1122 1975 est.
1133 1931 1207 1975 sed
1222 1930 1410 1991 perfidiae
1425 1941 1470 1975 et

105 1998 372 2069 nequissimoe
401 2002 557 2045 mentis
585 2017 812 2046 venenum.
849 2002 945 2046 Non
976 2003 1168 2062 agnoscit
1187 2003 1271 2046 hoc
1292 2002 1461 2060 justus.

106 2074 183 2117 sed
197 2072 406 2116 absolutio
425 2072 647 2117 hominis
634 2089 680 2117 m
695 2073 775 2117 Dei
793 2072 1086 2125 miseratione,
1108 2089 1198 2117 non
1215 2074 1260 2117 in
1281 2073 1465 2118 hominis

104 2151 318 2204 potestate
337 2151 416 2187 est.

158 2213 325 2270 XVIII.
358 2214 534 2265 Manus,
559 2214 725 2274 inquit,
756 2222 840 2258 tuae
861 2214 1179 2272 plasmaverunt
1197 2229 1298 2258 me:
1318 2224 1465 2275 postea

106 2302 126 2325 ι
137 2285 384 2329 convertisti
395 2294 440 2330 et
452 2285 699 2344 percussisti
709 2300 793 2330 me.
818 2285 1031 2330 Memento
1047 2284 1148 2344 quia
1167 2286 1308 2329 lutum
1327 2301 1399 2329 me
1409 2286 1468 2329 fe-

107 2354 258 2405 »cisti,
279 2363 324 2398 et
342 2355 388 2398 in
408 2363 520 2399 terra
541 2371 611 2405 me
634 2357 830 2399 resolves.
858 2354 1076 2414 Numquid
1098 2370 1186 2399 non
1207 2363 1256 2399 ut
1276 2356 1345 2400 lac
1363 2357 1471 2403 mul-

108 2442 126 2465 »
139 2424 228 2471 sisti
242 2440 313 2469 me
324 2457 349 2486 ,ἡ
359 2424 580 2475 confecisti
600 2441 671 2471 me
687 2426 799 2471 sicut
810 2425 1012 2471 caseum?
1027 2425 1203 2472 Corium
1220 2435 1267 2477 et
1293 2442 1466 2475 carnem

108 2509 211 2540 »me
238 2495 437 2547 induisti,
472 2497 638 2543 ossibus
669 2505 714 2542 et
743 2497 882 2544 nervis
909 2512 981 2542 me
1009 2497 1252 2547 inseruistiz
1274 2499 1403 2548 vitam
1422 2507 1467 2549 et

155 2586 171 2614 ὁ
185 2584 266 2624 δώ.
283 2597 334 2630 tx,
353 2580 479 2638 ιδ’,ιδι
496 2606 539 2619 ι-
554 2597 571 2618 ⁰
589 2588 679 2627 1bid.
705 2588 795 2628 sset
808 2588 921 2627 3³.—
936 2589 1026 2628 ⁸16.
1041 2601 1074 2634 x.
1089 2602 1158 2636 ι-γ.
