1780 3120
644 293 984 327 Annonnonsss.
1414 286 1502 344 507

135 372 462 433 apocryphum,
493 374 574 431 qut·
589 374 670 418 sub
693 373 877 424 nomino
897 367 1105 416 Esdrae'a
1125 382 1163 414 te
1176 382 1217 416 et
1233 389 1261 415 a
1276 372 1504 439 similibus

136 443 481 504 ‘visseghat-n..
509 460 638 502 quem
665 459 743 507 ego
768 443 939 493 librum
969 457 1206 499 nunquam
1233 443 1333 503 logi.
1370 442 1508 503 Qtu‘t‘IJ

135 513 255 556 enim
281 527 445 557 νει-εδει
474 515 522 557 in
551 524 715 558 manus
742 526 936 564 sumere,
963 514 1081 569 quod
1101 511 1299 556 Ecclesia
1316 529 1405 555 non
1429 530 1499 556 rc-

135 584 275 643 et'pt't?
303 583 455 628 Adhuc
475 584 767 630 vehementius
787 585 869 629 alio
886 586 982 628 loco
1006 600 1092 627 non
1121 592 1287 629 tantum
1310 585 1354 629 in
1374 601 1498 644 quar·
1572 629 1582 641 ‚

134 663 226 698 tum
257 654 486 706 invehitur,
524 658 598 701 sed
626 658 756 702 etiam
787 657 829 701 in
860 657 1057 706 tertium,
1091 671 1190 699 cum
1214 665 1355 700 tamen
1378 657 1406 699 ii
1427 657 1506 715 qui

134 733 329 769 sanctum
350 726 466 770 hunc
489 727 530 770 in
546 743 596 771 ea
612 729 813 789 opinione
828 729 984 771 ducem
1001 735 1254 786 sequuntur,
1272 727 1373 770 huic
1389 727 1501 770 lib'ro

134 809 225 839 sese
253 811 340 839 non
371 805 590 857 tantopere
626 799 813 858 infensos
839 797 1080 842 exhibeant.
1108 796 1283 841 Addunt
1304 797 1499 842 nonnulli

79 894 84 899 ·
130 878 401 925 nequaquam
421 883 622 928 maguum
646 869 767 913 illum
781 869 977 919 Esdram,
996 868 1180 934 scribam
1205 882 1255 911 ac
1273 867 1378 927 legis
1398 864 1499 912 doc·

131 940 286 988 torem,
309 939 432 998 cujus
456 940 628 985 tertium
653 957 745 986 esse
767 941 1011 1000 opinantur,
1036 939 1179 998 quarti
1197 946 1417 982 auctorem
1426 938 1497 982 ,viss

131 1005 239 1057 deri,
261 1009 337 1052 sed
357 1010 487 1053 alium
509 1011 823 1071 cognominem.

186 1075 283 1121 Non
314 1079 539 1125 defuerunt
565 1079 710 1126 tamen
741 1081 814 1142 qui
836 1083 889 1126 de
910 1081 992 1125 hoc
1016 1073 1146 1140 opere
1163 1080 1326 1140 aequius
1343 1079 1500 1138 benig·

127 1144 310 1205 uiasque
337 1148 591 1206 judicarent.
634 1151 803 1197 Etenim
832 1167 885 1194 eo
915 1165 1002 1193 non
1034 1151 1171 1193 solum
1204 1149 1359 1194 erroris
1387 1149 1497 1194 nihil

134 1215 342 1260 contineri
361 1219 669 1270 existimarunt,
689 1221 906 1267 sedetiam
927 1219 1222 1264 auctoritatem
1242 1219 1335 1276 ejus
1348 1219 1510 1278 praeci--

126 1295 255 1344 puam
285 1302 376 1331 esse
409 1288 453 1331 in
480 1289 688 1341 Ecclesia,
722 1290 879 1350 quippe
900 1305 994 1348 quae
1018 1290 1223 1334 nonnulla
1244 1289 1343 1332 iude
1363 1288 1496 1348 petita

124 1355 326 1414 precibus
347 1357 433 1401 silis
454 1358 697 1410 inseruerit,
725 1368 769 1404 et
791 1360 1020 1419 quominus
1040 1360 1147 1403 illud
1169 1359 1224 1403 ad
1242 1360 1404 1402 calcem
1424 1359 1497 1402 Biss

126 1424 312 1469 liliorum
336 1428 638 1479 excuderetur,
667 1445 753 1474 non
772 1430 1055 1490 prohibuerit.
1101 1429 1347 1483 Quinetiam
1367 1445 1494 1472 enm·

126 1493 351 1540 demh'unc
361 1497 549 1541 librum*
536 1505 647 1543 mter
658 1501 885 1544 canonicos
897 1500 1188 1565 descriptum
1176 1516 1220 1543 m
1236 1499 1493 1558 quibusdam

128 1564 293 1624 antiqui
308 1566 383 1610 aevi
407 1567 525 1612 MSS.
550 1569 738 1629 reperire
758 1579 839 1620 est,
863 1586 950 1614 non
967 1579 1111 1615 tamen
1126 1570 1171 1613 in
1183 1570 1398 1619 omnibus,
1409 1585 1493 1614 nec

125 1634 215 1679 sine
224 1636 469 1688 discrimine
480 1639 633 1700 aliquo.
641 1638 834 1702 Namque
842 1641 1082 1700 inquodam
1092 1649 1338 1703 pervetusto
1343 1642 1494 1684 codice

124 1705 202 1763 qui
216 1720 260 1750 m
274 1706 541 1752 Bibliotheca
553 1710 851 1757 Mauriuorum
872 1713 1181 1764 asservabatur,
1192 1714 1426 1773 compactis
1445 1713 1490 1756 in

125 1780 260 1819 unum
293 1778 462 1823 duobus
490 1780 715 1826 canonicis
733 1782 853 1826 libris
877 1783 1042 1834 Esdrae,
1065 1783 1286 1828 secundus
1305 1799 1329 1828 a
1349 1783 1492 1843 primo

125 1848 263 1907 capite
278 1848 460 1910 hujusce
479 1851 618 1909 quarti
636 1853 832 1896 sumebat
845 1853 1083 1904 exordium,
1101 1854 1228 1899 haud·
1239 1853 1369 1897 dubie
1388 1853 1489 1912 quia

121 1916 215 1976 ejus
233 1916 339 1962 illud
358 1919 526 1963 initium
546 1929 610 1964 est
628 1938 639 1963 :
666 1921 798 1964 Liber
819 1921 979 1967 Esdroe
995 1923 1219 1982 prophelae
1236 1923 1452 1966 socundus
1472 1937 1487 1965 .-

120 1996 214 2031 tum
232 2003 285 2031 ex
302 1989 395 2047 ejus
423 1998 549 2050 atque
574 1992 689 2035 tertii
710 1990 809 2035 libri
829 1993 1040 2051 capitibus
1061 1993 1174 2036 inter
1199 2008 1245 2036 se
1266 1992 1490 2054 permixtis

121 2067 303 2116 quatuor
338 2060 470 2103 libelli
507 2061 808 2110 conficiuntur.
849 2063 1131 2107 Doctissimus
1154 2063 1311 2112 Faber,
1339 2063 1488 2106 Ludo-

120 2129 203 2173 vici
230 2130 335 2174 xm
355 2141 606 2193 praeceptor,
634 2134 863 2194 quemdam
884 2133 1078 2193 ejusdem
1099 2135 1242 2193 quarti
1263 2134 1360 2178 libri
1391 2133 1478 2178 MS.

121 2199 227 2244 adeo
253 2201 492 2262 discrepare
523 2205 577 2247 ab
607 2196 794 2250 editione
824 2203 1121 2266 deprehendit,
1154 2213 1204 2250 ut
1231 2205 1366 2248 varias
1394 2205 1488 2263 ejus

51 2269 56 2271 ’
118 2270 323 2316 lectiones
344 2272 468 2319 card,
492 2274 676 2339 Baronio
696 2276 1041 2320 transmittendas
1071 2280 1256 2335 putaret.
1270 2275 1396 2329 *Quae
1418 2275 1489 2318 di-

121 2339 294 2390 versitas
323 2341 466 2387 sorte
454 2359 497 2387 m
517 2342 644 2388 causa
664 2355 745 2397 est,
769 2362 847 2390 cur
867 2342 1073 2390 nonnulla
1097 2346 1161 2389 ab
1178 2345 1404 2390 Ambrosio
1429 2360 1483 2388 ex

124 2406 277 2454 eodem
298 2411 412 2455 libro
433 2410 560 2459 citata
581 2415 625 2460 in
642 2415 771 2460 Edito
781 2416 958 2461 minime
977 2417 1257 2477 reperiantur.
1283 2417 1484 2456 Inventus

118 2488 185 2524 est
197 2475 381 2540 denique
402 2492 551 2529 auctor
570 2486 744 2547 quidam
765 2487 896 2547 hujus
919 2487 1072 2535 aetatis,
1089 2487 1165 2545 qui
1183 2485 1292 2529 d'uos
1305 2483 1482 2529 ultimos

116 2549 326 2596 librorum
347 2554 489 2598 Esdrae
510 2558 737 2600 canonicos
760 2571 809 2600 ac
831 2555 982 2600 divinae
998 2554 1261 2599 auctoritatis
1282 2569 1373 2598 esse
1389 2567 1479 2597 cre-

120 2621 241 2666 deret
254 2655 265 2673 ‚
303 2623 498 2683 hancque
530 2641 649 2670 suam
680 2627 926 2686 opinionem
960 2627 1092 2670 etiam
1126 2626 1285 2686 scripto
1319 2624 1491 2668 firmare
