1780 3120
276 234 328 262 12
817 227 849 256 S·
890 226 1080 255 AMBnosu

270 307 446 349 duxerat
468 313 591 362 atque
613 305 846 347 elevaverat
855 319 866 350 ;
894 303 1112 360 factusque
1134 317 1157 344 a
1183 302 1409 359 semetipso
1443 299 1634 354 alienus,

272 379 382 421 intra
405 375 674 433 semetipsum
695 374 832 416 tenuit
854 374 979 416 verba
1000 372 1227 415 ineffabilia
1258 387 1350 429 quae
1382 373 1568 423 audivit,
1591 381 1635 417 et

271 450 442 505 vulgare
464 462 548 488 non
571 445 732 503 potuit;
760 444 857 501 quia
880 443 1061 486 advertit
1080 459 1127 486 ea
1150 444 1266 500 loqui
1287 444 1451 486 homini
1473 442 1559 488 non
1583 444 1638 488 li-

271 531 383 560 cere.
413 515 562 558 Anima
587 530 686 572 crgo
709 515 818 556 bona
849 513 1085 556 contemnit
1117 513 1296 556 visibilia
1324 522 1368 557 et
1398 514 1635 564 sensibilia,

274 601 354 629 nec
376 585 567 627 consistit
589 584 631 626 in
653 585 734 633 eis,
759 599 836 627 nec
855 584 898 625 in
915 583 1197 642 despiciendis
1218 584 1282 626 his
1305 585 1366 643 (2)
1387 584 1641 628 immoratur

275 664 320 699 et
352 656 536 698 residet:
574 657 648 698 sed
680 654 868 697 ascendit
891 655 944 697 ad
976 654 1046 697 illa
1076 662 1231 697 aeterna
1255 662 1297 697 et
1326 654 1578 705 invisibilia,
1597 664 1641 698 et

275 728 400 786 plena
421 726 656 776 miraculis,
684 741 792 784 puro
819 703 943 768 sedsu
971 740 1014 767 se
1034 726 1114 783 piae
1135 727 1288 769 mentis
1318 728 1526 770 attollens.
1565 726 1642 770 Et-

278 798 389 841 enim
423 796 671 855 perfectioni
694 798 866 839 studens
882 829 892 846 ,
917 797 1054 838 solum
1082 796 1187 839 illud
1214 798 1377 839 bonum
1399 796 1642 840 Divinitatis

278 867 481 916 intendit,
506 882 584 909 nec
609 867 722 909 aliud
738 866 965 924 quidquam
988 867 1287 924 requirendum
1306 875 1451 925 putat;
1471 866 1570 924 quia
1586 874 1645 909 te⁴

279 947 354 981 net
382 938 496 994 quod
526 952 739 979 summum
767 946 842 980 est.
865 937 1011 994 Itaque
1036 937 1100 979 vir
1125 937 1391 994 hujusmodi,
1412 937 1455 979 in
1476 952 1560 994 quo
1583 944 1649 979 est

283 1006 431 1048 animae
458 1006 753 1063 pulchritudo,
779 1007 892 1049 solus
919 1006 996 1048 sibi
1020 1007 1230 1057 abundat,
1253 1008 1351 1064 quia
1374 1007 1462 1065 ipse
1480 1007 1563 1049 sibi
1585 1015 1648 1049 est

281 1076 394 1119 satis.
423 1075 508 1118 Nec
530 1078 643 1118 solus
660 1077 885 1133 aliquando
905 1085 992 1125 est,
1026 1077 1093 1118 cui
1116 1079 1270 1135 praesul
1286 1077 1490 1119 Dominus
1513 1077 1643 1119 adest.

343 1146 440 1189 XII.
478 1146 670 1202 Denique
688 1147 729 1189 in
747 1146 851 1188 illud
872 1146 1001 1189 divini
1018 1147 1128 1189 illius
1146 1148 1388 1190 introducta
1411 1155 1646 1190 secretum:

295 1232 315 1255 a
335 1215 596 1265 Exultemus,
622 1216 773 1273 inquit,
793 1225 835 1259 et
854 1218 1046 1259 laetemur
1069 1217 1111 1259 in
1134 1226 1189 1267 te,
1214 1226 1256 1260 et
1279 1218 1502 1275 diligamus
1517 1217 1652 1260 ubera

283 1293 387 1328 „tua
410 1301 535 1343 super
560 1286 704 1328 vinum
721 1285 751 1328 ¹.
776 1304 792 1326 »
820 1286 913 1330 Non
935 1287 1048 1328 enim
1073 1287 1114 1329 in
1138 1287 1307 1336 divitiis,
1332 1295 1374 1331 et
1400 1287 1490 1329 auri
1509 1302 1655 1345 argen-

287 1355 404 1412 tique
433 1355 666 1405 thesauris,
695 1371 779 1398 non
809 1356 851 1398 in
877 1356 1189 1414 possessionum
1220 1358 1456 1406 fructibus,
1494 1371 1581 1400 non
1611 1356 1656 1398 in

289 1426 597 1482 potestatibus,
632 1441 718 1468 non
753 1428 796 1468 in
829 1427 1028 1469 conviviis
1052 1459 1064 1476 ‚
1095 1429 1170 1470 sed
1203 1428 1245 1470 in
1278 1429 1366 1470 solo
1396 1429 1486 1472 Deo
1519 1427 1656 1486 justus

291 1496 466 1537 exultat.

349 1564 465 1607 XIII.
503 1565 663 1607 Eadem
684 1572 828 1607 ¹tamen
851 1566 990 1608 anima
1019 1581 1278 1624 cognoscens
1305 1583 1348 1610 se
1376 1567 1568 1625 corporis
1589 1580 1659 1609 so-

291 1633 444 1676 cictate
463 1634 685 1684 fuscatam,
712 1636 815 1678 dicit
838 1637 890 1678 ad
913 1636 1011 1678 alias
1037 1637 1211 1686 animas,
1235 1639 1302 1679 vel
1325 1637 1378 1679 ad
1398 1637 1489 1679 illas
1505 1638 1660 1679 coeles-

294 1712 357 1746 tes
378 1712 421 1746 et
445 1705 650 1762 appositas
673 1720 793 1747 sacro
815 1706 1046 1748 ministerio
1071 1714 1298 1764 potestates
1318 1722 1327 1747 :
1354 1723 1371 1746 ι
1387 1706 1527 1749 Nolite
1548 1705 1663 1764 aspi-

296 1791 314 1814 »
329 1788 425 1833 cere
450 1790 519 1816 me
541 1777 656 1832 quod
677 1775 895 1818 obfuscata
918 1791 1009 1818 sum
1033 1793 1044 1825 ;
1070 1777 1270 1833 quoniam
1293 1792 1378 1819 non
1401 1784 1464 1819 est
1486 1776 1662 1819 intuitus

299 1861 317 1884 »
331 1859 399 1886 me
419 1846 492 1887 sol.
524 1845 619 1887 Filii
640 1845 786 1887 matris
807 1861 912 1888 meae
928 1855 1223 1904 pugnaverunt
1247 1847 1468 1890 adversum
1490 1862 1560 1889 me
1577 1845 1611 1896 ²,
1637 1864 1653 1885 n

300 1913 383 1956 hoc
413 1922 476 1956 est
494 1947 505 1964 ,
539 1914 892 1973 impugnaverunt
925 1932 993 1958 me
1021 1917 1209 1975 corporis
1243 1918 1458 1976 passiones
1476 1949 1487 1967 ,
1527 1916 1665 1960 earnis

300 1982 510 2026 illecebrae
529 1983 826 2029 coloraverunt
836 2004 848 2036 ;
865 1986 960 2029 ideo
977 1987 1081 2029 mihi
1098 1987 1170 2030 Sol
1181 1988 1353 2045 justitiae
1372 2003 1458 2030 non
1476 1987 1662 2030 refulsit:

304 2068 388 2109 quo
409 2054 576 2096 viduata
597 2056 808 2112 praesidio,
835 2057 1102 2099 devotionem
1119 2072 1274 2108 meam,
1295 2066 1337 2100 et
1354 2058 1668 2101 observantiam

301 2124 472 2180 plenam
489 2139 653 2167 servare
671 2141 755 2168 non
779 2127 896 2185 potui
911 2144 923 2176 ;
948 2127 1031 2170 hoc
1048 2136 1111 2170 est
1127 2129 1238 2170 enim
1255 2144 1264 2171 ε
1297 2146 1313 2167 «
1332 2128 1510 2172 Vineam
1529 2141 1671 2171 meam

305 2208 322 2231 »
336 2207 421 2234 non
444 2195 649 2237 custodivi
671 2194 703 2246 ³,
726 2214 742 2235 »
770 2197 867 2253 quia
881 2197 1027 2255 spinas
1043 2206 1085 2241 et
1106 2213 1192 2241 non
1211 2214 1336 2242 uvam
1359 2199 1498 2249 attuli,
1523 2198 1567 2241 id
1587 2206 1668 2247 est,

305 2260 463 2304 faciens
483 2272 657 2321 peccata
681 2281 757 2323 pro
786 2266 1006 2311 fructibus.

365 2332 478 2376 XIV.
518 2334 570 2376 Et
593 2350 690 2377 cum
712 2337 763 2379 de
785 2336 924 2381 Verbo
946 2339 1134 2396 loquitur
1149 2373 1161 2390 ‚
1188 2339 1416 2383 irradiante
1440 2338 1521 2382 sibi
1540 2337 1674 2383 Verbi

308 2403 534 2458 splendore
554 2419 756 2448 conversa
778 2407 831 2448 ad
850 2408 987 2465 ipsum
1008 2409 1137 2452 dicit:
1166 2428 1185 2450 ,α
1197 2411 1276 2453 Ubi
1291 2408 1463 2469 pascis?
1486 2408 1568 2452 Ubi
1588 2421 1674 2450 ma-
1724 2456 1733 2462 ὁ

304 2485 411 2513 »nes
433 2471 477 2514 in
502 2475 736 2518 meridiano
753 2475 766 2497 ‘⁰
783 2476 802 2518 P
822 2495 839 2517 n
868 2478 1000 2522 Recte
1023 2480 1154 2522 dicit:
1192 2498 1209 2519 «
1235 2480 1316 2523 Ubi
1335 2478 1474 2539 pascis
1493 2510 1505 2529 ,
1530 2496 1547 2519 »
1575 2476 1676 2536 quia

355 2569 367 2584 ¹
385 2561 481 2595 Cant.
500 2574 523 2601 ι,
539 2563 572 2596 3.
585 2583 624 2589 —
642 2575 655 2590 ⁸
673 2565 760 2600 lbid.
776 2568 807 2599 5.
823 2585 864 2594 -
882 2570 896 2594 ⁸
915 2568 1004 2602 lbid.
1017 2588 1058 2596 -
1074 2570 1193 2603 ⁴1bid.
1213 2571 1246 2604 6.
