1780 3120
420 237 473 267 un
506 235 900 280 ina-nauantem
931 239 1074 271 omn.
1110 241 1192 271 mn.
1229 241 1287 272 iv.
1435 229 1531 282 483

171 315 377 380 §criptum
395 322 490 359 est:
512 315 624 369 Quia
650 316 765 360 uuna
783 323 850 362 est
866 317 999 376 gloria
1019 318 1056 366 si
1074 327 1301 380 peccantes
1318 319 1532 380 punimini

168 384 443 453 etsnss'ertis,
473 385 547 431 sed
577 386 612 432 si
640 386 979 445 benefacientes,
1010 398 1054 435 et
1081 391 1328 453 patientes:
1352 389 1445 436 haec
1467 399 1533 435 est

167 446 300 521 gratia
326 456 438 516 apud
459 456 628 501 Deum.
659 476 677 497 ι
706 456 755 503 In
781 457 866 506 hec
894 459 1010 503 enim
1034 461 1174 507 vocati
1201 461 1328 511 estis,
1360 461 1460 522 quia
1488 470 1534 506 et

166 545 185 568 ι
198 525 390 575 Christus
412 542 488 587 pro
509 527 628 571 vobis
655 514 851 577 mortuus
870 538 960 580 est.
984 530 1231 589 relinquens
1245 530 1364 575 vobis
1385 546 1534 576 exem—

166 617 184 640 ι
195 599 332 663 plum,
356 608 404 643 ut
419 599 653 659 sequamini
671 600 839 660 vestigia
857 601 967 659 ejus,
980 601 1053 662 qui
1069 611 1296 662 peccatum
1309 618 1396 653 non
1411 603 1529 653 fecit.

166 668 488 715 »necinventus
506 678 570 714 est
590 671 713 716 dolus
733 671 778 717 in
797 686 871 717 ore
887 671 979 730 ejus
999 687 1010 716 ε
1035 672 1109 735 qui
1129 687 1230 717 cum
1251 674 1534 725 maledicere-

165 747 282 790 »tur,
305 756 391 784 non
409 741 703 786 remaledixit:
727 757 833 797 cum⁴
850 751 1095 803 pateretur.
1124 744 1532 805 noncomminaba-

164 830 182 853 ι
195 820 266 857 tur
279 811 312 857 ¹.
334 832 352 853 ι
381 813 493 872 Ergo
519 813 653 870 justus
674 814 839 862 etiamsi
854 814 898 859 in
914 817 1097 874 equuleo
1113 815 1189 865 sit.
1210 804 1380 877 semper
1391 815 1533 875 justus

164 892 253 933 θεὶς
271 884 369 944 quia
391 884 598 943 justificat
620 885 758 934 Deum
772 919 785 935 ‚
806 894 850 931 ct
868 885 1034 931 minora
1054 902 1099 933 se
1115 886 1304 946 peccatis
1319 887 1406 932 suis
1426 887 1533 932 dicit

161 952 371 1000 sustinere
392 971 404 999 ε
431 972 599 1016 semper
619 957 786 1016 sapiens
802 966 891 1007 θείς
910 972 995 1007 non
1010 958 1125 1005 enim
1149 957 1339 1002 aufertur
1350 959 1531 1018 equulei

163 1027 386 1071 tormentis
407 1039 511 1076 vera
542 1027 817 1086 perfectaque
845 1027 1080 1086 sapientia:
1106 1043 1195 1071 non
1224 1028 1379 1072 amittit
1412 1028 1531 1088 quod

158 1105 249 1148 est3
277 1097 376 1157 quia
397 1097 597 1141 timorem
616 1097 805 1142 excludit
821 1098 956 1147 roras,
971 1097 1112 1148 studio
1133 1106 1177 1159 et
1196 1098 1414 1157 proposito
1428 1099 1527 1143 cha-

156 1169 292 1220 ritatis
314 1184 327 1212 τ
347 1169 468 1212 novit
491 1177 541 1211 ut
568 1168 739 1227 sapiens
764 1168 908 1212 dicere
930 1168 1030 1226 quia
1053 1168 1226 1227 indigna
1248 1177 1348 1214 sunt
1366 1183 1462 1226 qua:
1482 1169 1527 1213 in

153 1238 237 1290 hoc
261 1228 443 1298 corpore
463 1238 720 1286 sustinemus
748 1239 1097 1283 remuneratione
1113 1238 1269 1297 suturae
1287 1239 1455 1298 gloriam
1481 1248 1527 1285 et

151 1315 300 1359 omnes
315 1309 445 1368 hujus
462 1309 665 1368 temporis
677 1309 892 1369 passiones
906 1317 1258 1368 superventuram
1274 1311 1523 1363 mercedem

148 1394 319 1438 aquare
344 1395 431 1424 non
451 1388 643 1439 possunt.
666 1380 812 1424 Bonus
828 1378 962 1438 igitur
982 1378 1085 1423 huic
1110 1394 1280 1437 semper
1299 1387 1364 1425 est
1377 1379 1519 1434 Deus,

149 1449 352 1509 quinovit
371 1466 458 1509 quo
480 1459 669 1509 tempore
686 1457 831 1493 metat.
854 1449 908 1493 Et
921 1449 1015 1492 idco
1037 1448 1156 1508 quasi
1171 1449 1311 1492 honus
1331 1448 1518 1508 agricola

148 1508 219 1563 hic
248 1527 339 1563 arat
365 1535 514 1578 agrum
541 1535 669 1562 suum
696 1515 883 1577 quodam
909 1518 1172 1561 abstinentiae
1202 1517 1412 1578 rigidioris
1436 1535 1519 1573 ,ro-

146 1605 289 1634 mere:
306 1591 378 1634 hic
394 1591 544 1649 stirpat
558 1591 740 1648 quadam
758 1590 866 1632 falce
884 1589 1088 1632 virtutum
1106 1589 1386 1647 amputatrice
1397 1589 1515 1635 vitio·

144 1677 240 1705 rum
261 1677 273 1705 :
295 1661 366 1706 hic
383 1670 590 1706 stercorat
609 1660 874 1704 humiliando
895 1675 940 1702 se
959 1674 1091 1717 usque
1111 1661 1164 1702 ad
1181 1667 1355 1708 terram,
1370 1661 1512 1703 sciens

141 1733 239 1791 quia
261 1733 375 1776 Deus
396 1734 449 1776 de
478 1741 591 1775 terra
612 1731 788 1774 suscitat
807 1731 974 1789 inopem
988 1763 1000 1779 ‚
1031 1738 1075 1773 et
1097 1731 1150 1773 de
1172 1739 1359 1773 stercore
1386 1731 1511 1787 erigit

139 1818 383 1863 pauperem.
410 1803 605 1861 Denique
628 1803 843 1861 apostolus
873 1802 1027 1845 Paulus
1046 1801 1126 1844 nisi
1145 1801 1376 1845 aestimatus
1395 1810 1507 1846 esset

137 1883 341 1923 stercora,
361 1888 580 1932 nunquam
605 1873 822 1916 Christum
841 1872 919 1914 sibi
940 1872 1145 1929 potuisset
1161 1871 1395 1929 acquirere.
1422 1872 1504 1916 Hic

135 1945 322 1988 custodit
340 1945 503 1987 fructus
528 1959 651 1992 suos,
681 1952 730 1986 ut
751 1943 836 1985 illic
865 1941 1056 1985 securius
1080 1943 1296 1985 recondat.
1324 1940 1504 2001 Semper

135 2014 331 2073 itaquecei
356 2015 495 2058 bonus
518 2022 582 2058 est
600 2015 732 2063 Deus,
750 2013 848 2071 quia
865 2027 1032 2071 semper
1052 2028 1146 2070 quae
1170 2012 1282 2055 bona
1301 2021 1401 2056 suut
1414 2045 1427 2063 ,
1446 2014 1501 2056 de

132 2086 223 2130 Deo
243 2093 397 2145 sperat.

188 2156 259 2200 lv.
293 2156 453 2216 Accipe
474 2155 611 2199 aliud:
650 2155 827 2208 «Quam
856 2154 1020 2203 bonus,
1046 2153 1495 2212 inquit,DeusIsrae'1

129 2228 286 2272 »rectis
306 2227 466 2271 corde.
456 2227 466 2256 1
489 2246 506 2266 ι
537 2226 630 2271 Non
652 2242 753 2285 ergo
778 2225 977 2267 omnibus
998 2224 1138 2266 bonus
1163 2232 1227 2266 est
1252 2224 1395 2266 Deus?
1416 2213 1493 2268 ille

127 2299 299 2358 quidem
328 2298 527 2341 omnibus
556 2298 695 2340 bonus
725 2304 809 2344 cst,
843 2295 938 2353 quia
968 2294 1160 2336 Salvator
1186 2301 1250 2336 est
1270 2294 1488 2345 omnium,

125 2369 309 2413 maxime
322 2367 509 2411 fidelium
525 2385 537 2417 3
555 2376 596 2411 et
620 2368 714 2410 ideo
737 2366 848 2408 venit
870 2364 1076 2408 Dominus
1094 2363 1235 2412 Jcsus,
1259 2371 1306 2406 ut
1327 2364 1406 2406 sat·
1417 2379 1491 2407 um

104 2441 281 2500 'faceret
311 2442 426 2499 quod
453 2440 637 2499 perierat
664 2454 674 2480 ε
698 2437 819 2481 'venit
849 2437 962 2480 euim
998 2443 1042 2477 ut
1078 2443 1301 2494 peccatum
1337 2435 1488 2479 muudi

120 2514 304 2565 tolleret,
333 2513 506 2556 vulnera
527 2519 672 2556 nostra
692 2516 875 2556 curaret.
897 2507 983 2553 sed
1003 2507 1101 2570 quia
1124 2522 1212 2552 non
1232 2522 1379 2551 omnes
1399 2522 1487 2552 me-

166 2610 178 2630 ·
196 2613 210 2641 ι
228 2603 319 2642 Petr.
337 2615 379 2648 u,
394 2603 508 2641 ει-ιὸ.

1257 2654 1327 2703 31.
