1780 3120
346 279 428 322 232
886 285 915 311 5.
958 281 1145 310 Αιιιιιιο5ιι

344 369 552 428 scyphus,
583 363 774 407 doctrina
806 363 914 406 intra
949 363 1110 418 legem,
1145 362 1319 403 lucerua
1349 360 1455 403 intra
1488 361 1708 405 modiuniae

343 441 489 484 Missus
511 445 653 479 tamen
675 442 738 477 est
761 432 943 476 Ananias
959 464 970 480 ,
993 431 1065 488 qui
1092 430 1435 474 benedictionem
1457 433 1590 482 daret,
1608 445 1700 475 ma-

344 525 446 552 num
470 504 753 571 imponeret¹,
784 518 955 546 saccum
980 502 1195 544 sol'veret:
1223 516 1347 544 sacco
1376 503 1535 552 soluto,
1557 502 1709 546 reluxit

347 588 583 639 argentum,
596 586 638 620 et
654 575 949 620 decidentibus
962 573 1192 631 squammis
1206 574 1320 616 velut
1331 563 1584 631 quibusdam
1597 574 1709 617 sacci

344 651 550 697 vinculis,
574 649 714 692 statim
739 646 856 690 vidit.
888 644 1114 689 Vinculum
1136 644 1228 702 ejus
1245 643 1422 703 perfidia
1443 653 1564 688 erat:
1584 645 1710 688 abso-

344 719 449 764 lutio
468 707 561 776 ejus
583 716 687 759 fides
713 715 823 757 sacta
848 721 924 756 est.
951 713 1005 755 Et
1033 713 1129 755 ideo
1151 723 1352 771 tanquam
1375 716 1536 759 solutus
1558 730 1682 762 sacco
1696 749 1708 766 ,

346 793 428 834 hoc
451 797 513 832 est
528 822 537 836 ,
571 786 763 845 deposito
790 785 894 841 legis
915 783 1124 826 velamine
1145 785 1260 841 quod
1287 785 1472 842 positum
1502 792 1566 827 est
1587 799 1711 844 supra

349 877 422 904 cor
449 860 720 906 Judaeorum,
755 869 986 898 conversus
1025 856 1078 897 ad
1105 855 1361 905 Dominum,
1392 855 1500 898 liber
1528 870 1550 897 a
1568 858 1708 905 nexit,

349 933 526 988 adeptus
548 927 724 987 gratiam
752 925 959 968 libertatis
989 924 1046 990 ait
1071 940 1114 967 t«
1138 925 1222 968 Nos
1243 926 1386 983 itaque
1407 927 1589 968 revelata
1606 925 1713 968 facio

351 1001 558 1060 »gloriam
579 998 657 1042 Dei
675 998 939 1056 speculantes
954 1029 966 1046 ,
990 996 1042 1038 ad
1057 998 1252 1039 eamdem
1269 997 1496 1055 imaginem
1517 996 1715 1039 reforma-

350 1092 366 1112 »
381 1071 490 1115 tur2.
515 1089 530 1111 »
546 1070 693 1113 Soluto
722 1067 836 1110 enim
860 1068 1149 1109 calceamento
1171 1067 1298 1126 legis,
1323 1069 1439 1110 nudo
1461 1066 1638 1125 vestigio
1662 1066 1715 1109 li-

356 1143 449 1186 beri
493 1140 698 1184 sermonis
733 1138 1008 1196 Evangelium
1043 1137 1312 1196 praedicabat.
1357 1137 1578 1181 Tenebant
1617 1151 1716 1180 eum

352 1214 377 1256 J
384 1212 511 1261 udaei,
535 1220 577 1254 et
596 1210 803 1269 impedire
831 1209 1062 1267 cupiebant
1090 1224 1100 1251 :
1132 1211 1206 1252 sed
1231 1209 1304 1252 ubi
1327 1209 1370 1251 in
1389 1209 1482 1267 ejus
1503 1224 1626 1252 sacco
1650 1218 1718 1251 ar-

356 1293 531 1344 gentum
555 1281 839 1341 resplenduit,
871 1281 1087 1323 sciderunt
1111 1281 1357 1324 vestimenta
1379 1296 1475 1331 sua,
1498 1288 1541 1324 et
1564 1279 1719 1323 reversi

358 1363 456 1398 sunt
478 1362 605 1396 retro.
632 1353 783 1396 Libera
806 1351 919 1394 enim
936 1367 1013 1410 pro
1042 1350 1210 1394 Christo
1231 1351 1349 1394 Pauli
1374 1350 1617 1410 praedicatio
1639 1365 1721 1393 nu-

357 1426 470 1469 davit
507 1426 712 1483 populum
748 1423 773 1465 J
779 1424 995 1466 udaeorum
1012 1456 1023 1472 ,
1068 1431 1110 1465 et
1145 1435 1317 1466 omnem
1359 1437 1508 1466 eorum
1550 1421 1723 1465 rescidit

360 1496 548 1555 gratiam.

416 1565 543 1610 LXV.
578 1566 765 1622 Ideoque
788 1574 902 1607 retro
928 1565 1107 1623 regressi
1135 1572 1259 1615 sunt,
1294 1564 1368 1622 qui
1399 1572 1494 1607 anto
1517 1578 1561 1606 se
1583 1563 1724 1606 videre
1754 1580 1756 1582 ’

362 1653 448 1680 non
477 1636 713 1695 poterant³.
754 1636 883 1679 Retro
916 1637 1119 1684 redeunt,
1158 1636 1230 1693 qui
1261 1634 1478 1678 Christum
1510 1634 1720 1677 amittunt.

361 1708 554 1765 Denique
575 1716 616 1749 et
637 1707 680 1748 in
695 1707 924 1765 Evangelio
947 1721 1046 1749 cum
1071 1707 1334 1764 corriperent
1359 1707 1412 1749 ad
1438 1715 1620 1748 mortem
1640 1705 1727 1747 Do-

361 1779 526 1821 minum
546 1777 692 1819 Jcsum
705 1811 716 1826 ,
736 1778 963 1819 redeuntes
979 1785 1092 1819 retro
1110 1777 1358 1820 ceciderunt
1370 1777 1412 1818 in
1429 1785 1587 1819 terram
1601 1775 1729 1819 ¹⁸.Me-

365 1850 447 1892 rito
465 1856 576 1891 retro
593 1849 931 1898 revertebantur,
951 1844 1021 1906 qui
1039 1848 1081 1890 in
1097 1857 1311 1891 terrenam
1327 1849 1467 1891 labem
1489 1848 1540 1890 ab
1562 1847 1631 1891 illa
1649 1861 1730 1896 εω-

366 1919 459 1962 lesti
495 1919 626 1977 gratia
658 1907 920 1961 recidebant.
957 1918 1166 1962 Nolebant
1194 1919 1321 1977 igitur
1347 1918 1569 1961 moraliter
1591 1917 1731 1961 redire

367 1990 455 2032 sine
477 1988 628 2038 fratre,
656 1988 834 2046 mystice
856 1989 945 2031 sine
964 1988 1094 2032 Paulo
1112 1989 1265 2032 reverti
1285 2007 1295 2031 ε
1315 2005 1399 2047 quo
1421 1989 1573 2032 amisso
1588 2022 1600 2039 ‚
1624 2003 1731 2032 asse-

368 2062 521 2103 rebant
552 2061 594 2103 in
625 2075 854 2103 moerorem
889 2062 1182 2104 deducendam
1210 2060 1561 2121 parentis‘populi
1584 2075 1733 2104 senec—

368 2140 516 2174 tutem.

427 2203 576 2247 LXVI.
604 2204 657 2246 Et
676 2204 772 2246 ideo
789 2204 922 2247 Judas
940 2206 1052 2262 apud
1071 2205 1231 2263 Joseph
1254 2214 1474 2248 remanere
1489 2159 1731 2264 cupiebat⁶,

373 2290 426 2317 ne
444 2275 605 2318 videret
625 2277 733 2318 mala
752 2291 844 2333 quae
861 2276 1097 2319 invenirent
1114 2284 1276 2335 patlem
1294 2291 1432 2326 suum,
1453 2276 1534 2319 hoc
1551 2284 1630 2325 cst,
1648 2275 1735 2334 jam

375 2345 654 2403 praevidebat,
687 2354 730 2388 et
761 2361 909 2390 cavere
941 2347 1140 2405 cupiebat
1162 2348 1270 2389 mala
1298 2361 1391 2404 quae
1415 2354 1592 2390 ventura
1617 2354 1737 2389 erant

377 2417 532 2472 populo
554 2414 578 2457 J
584 2417 814 2459 udaeorum.
846 2417 930 2460 Sed
951 2432 1049 2460 cum
1078 2417 1216 2460 adhuc
1239 2417 1330 2460 haec
1348 2417 1437 2476 ipsa
1458 2432 1544 2460 non
1564 2425 1674 2460 esset
1694 2417 1737 2459 in

421 2538 432 2554 ¹
453 2531 528 2565 Act.
546 2543 594 2571 tx,
617 2544 717 2575 17.—
735 2544 748 2558 2
771 2545 787 2565 2
803 2535 878 2567 Cor.
900 2546 947 2573 ιιι,
970 2535 1064 2568 ι8.-
1078 2537 1091 2560 3
1106 2535 1191 2569 Gen.
1217 2546 1304 2575 κων,
1325 2535 1427 2570 15.—
1449 2538 1463 2566 4
1479 2516 1573 2569 donn.
1594 2545 1688 2578 xvm,
1703 2534 1732 2572 6·

378 2603 418 2613 ·--
436 2587 449 2610 ⁸
465 2586 549 2620 Gen.
565 2597 649 2625 xuv,
669 2588 719 2628 18,
735 2593 767 2621 et
783 2599 870 2632 seqq.
