1780 3120
331 246 334 253 2
360 251 362 253 ,
390 247 401 265 ι

346 284 434 341 456
897 299 930 332 s.
969 301 1161 334 aunnosu

329 407 348 415 ω
361 381 615 425 nimicorum
628 411 643 430 ‚
663 380 865 425 verticem
888 383 1027 442 capilli
1045 384 1430 441 perambulantium
1448 383 1478 428 ¹.
1501 384 1711 445 lta-»supera

328 451 443 495 fluis
469 450 583 495 enim
599 451 926 510 perambulant,
942 468 1029 496 non
1046 453 1089 496 in
1108 453 1285 497 sanctis:
1302 455 1347 497 in
1368 454 1527 499 vertice
1542 455 1709 514 capilli,

324 537 430 570 «non
461 521 505 564 in
526 521 684 567 vertice
706 521 940 566 devotionis
962 530 1006 566 et
1030 522 1143 566 fidei.
1177 541 1193 563 α
1214 523 1303 567 Etsi
1325 523 1505 583 Spiritus
1529 533 1711 584 potestu-

331 584 462 642 uitem
496 592 695 636 habentis
723 592 765 635 in
800 600 843 636 te
866 594 1088 644 ascendat,
1111 602 1160 637 ut
1187 594 1320 638 habes
1346 595 1390 637 in
1425 595 1705 645 Ecclesiaste,

345 664 517 708 »locum
548 671 678 710 tuum,
694 678 781 706 non
806 663 1077 722 derelinquas
1097 663 1132 708 ².
1153 683 1170 705 »
1196 664 1365 708 Etenim
1386 665 1651 725 superiorem
1670 673 1711 709 tc

344 732 537 780 Christus
571 733 816 783 constituit,
850 749 979 792 quem
1007 736 1062 779 ad
1086 735 1314 794 imaginem
1342 735 1421 780 Dei
1451 735 1567 780 fecit.
1589 737 1712 783 Tene

343 818 443 861 ergo
466 804 730 862 superiorem
755 803 855 848 fidei
877 814 925 848 et*
945 805 1114 865 pietatis
1135 807 1306 857 locum,
1332 821 1462 866 quem
1493 816 1517 850 a*
1541 805 1713 857 Christo

346 873 567 931 accepisti3
595 883 644 918 ut
670 875 861 932 superior
877 875 1014 919 factus
1033 877 1335 920 ascendentem
1352 877 1405 919 de
1421 875 1710 929 inferior-ibus,

345 943 427 987 hoc
447 952 517 988 est
538 977 550 994 ‚
581 946 633 988 de
657 946 832 991 terrenis
857 954 901 989 et
930 948 982 990 de
1006 946 1278 990 saecularibus
1304 946 1501 1005 spiritum
1528 957 1713 1004 nequam

326 1014 467 1062 <facile
483 1017 661 1074 repellas
675 1056 686 1067 ,
711 1026 754 1060 et
771 1017 888 1076 signa
909 1017 1001 1076 ejus
1020 1033 1108 1061 non
1128 1017 1330 1075 suscipias
1346 1017 1390 1061 in
1413 1025 1683 1075 pecterejuo¹
1704 1031 1715 1057 ε

346 1101 430 1128 non
456 1095 639 1144 occupet
666 1087 815 1130 animae
841 1096 925 1130 tuae
948 1076 1159 1134 vestibula
1180 1120 1191 1137 ‚
1219 1101 1301 1131 nec
1329 1086 1714 1132 introitusmemjs

329 1164 429 1200 -tuae
445 1174 457 1206 ;
475 1165 518 1200 et
533 1157 652 1215 quasi
670 1157 713 1200 in
734 1159 850 1216 sylva
864 1158 1077 1216 lignorum
1097 1158 1267 1215 ignibus
1283 1157 1369 1201 suis
1389 1159 1551 1203 caduca
1562 1165 1608 1200 et
1627 1157 1715 1200 fra-

346 1228 442 1286 gilia
455 1230 697 1287 populetur,
717 1238 791 1272 aut
806 1229 1026 1272 securibus
1040 1230 1125 1272 suis
1133 1228 1283 1286 januas
1299 1229 1359 1272 tui
1373 1229 1513 1272 cordis
1526 1227 1708 1277 excidat.

348 1298 411 1342 Sit
437 1300 565 1358 igitur
593 1301 635 1343 in
659 1301 781 1343 nobis
801 1317 887 1344 non
914 1303 1028 1359 sylva
1045 1334 1056 1350 ,
1083 1301 1158 1343 sed
1184 1300 1332 1343 vinea:
1357 1299 1410 1343 sit
1433 1298 1715 1358 portalnostri

347 1370 432 1412 oris
454 1379 498 1414 et
529 1372 668 1415 cordis
689 1374 831 1415 clausa
857 1372 1119 1432 diligentius,
1150 1387 1204 1415 ne
1228 1371 1360 1415 hostis
1386 1371 1580 1414 introeat.
1619 1370 1716 1415 Cito
1778 1382 1780 1386 ’

347 1439 495 1484 defidit
503 1433 693 1499 januain,
710 1442 743 1484 si
759 1450 975 1499 patentem
992 1457 1086 1485 eam
1097 1442 1319 1485 invenerit.
1335 1441 1392 1487 At
1402 1457 1504 1484 vero
1522 1440 1715 1485 Christus

346 1513 510 1568 pulsat,
533 1527 619 1554 non
643 1511 813 1569 dejicit,
838 1512 911 1570 qui
934 1506 1212 1561 confortavit,
1231 1528 1262 1555 o⁴
1281 1512 1573 1560 Hierusalem,
1601 1524 1716 1562 seras

348 1590 567 1638 portarum
584 1591 768 1626 tuarum.
793 1583 986 1627 Christus
1001 1599 1131 1626 manu
1148 1585 1286 1641 pulsat
1305 1592 1354 1626 ut
1375 1583 1552 1642 aperias,
1571 1583 1718 1626 adver-

346 1652 479 1695 sarius
496 1654 715 1696 securi-bus
733 1654 945 1704 concidit3
961 1662 1004 1697 et
1016 1653 1112 1697 ideo
1129 1654 1337 1712 scriptum
1352 1663 1431 1704 est,
1449 1654 1539 1698 «Ne
1556 1653 1717 1696 securis

326 1728 334 1750 -“
345 1741 362 1762 »
374 1725 599 1766 etmalleus
610 1724 654 1766 in
662 1726 837 1767 domum
848 1725 926 1767 Dei
938 1724 1066 1767 intret
1077 1725 1089 1747 ³
1098 1757 1108 1768 .
1117 1744 1132 1765 n
1144 1725 1265 1768 Foris
1277 1726 1404 1768 debet
1413 1740 1504 1768 esse
1518 1725 1717 1782 superbia

345 1800 390 1835 et
412 1792 574 1836 fallacia
591 1826 602 1842 ,
626 1809 711 1836 non
737 1794 862 1837 intus.
890 1794 1012 1838 Foris
1033 1794 1147 1837 enim
1168 1810 1320 1853 pugnae
1335 1827 1347 1844 ,
1376 1810 1457 1852 pax
1486 1794 1600 1838 intus
1621 1810 1719 1852 quae

344 1878 470 1920 supra
492 1878 665 1908 omnem
689 1864 954 1907 intellectum
976 1872 1052 1908 est.
1080 1864 1174 1908 Non
1198 1857 1417 1908 scindatur
1436 1865 1550 1907 ferro
1576 1865 1717 1908 anima

348 1942 418 1977 tua
437 1949 447 1976 ε
468 1936 543 1978 sed
564 1944 612 1978 ut
636 1935 775 1978 anima
794 1935 955 1993 «Ioseph
970 1968 981 1984 ‚
1006 1936 1064 1978 ita
1087 1935 1226 1979 anima
1246 1943 1319 1978 tua
1341 1936 1500 1978 ferrum
1523 1944 1719 1994 pertran-

345 2013 434 2049 seat
444 2023 457 2055 ς
485 2021 539 2049 ne
565 2007 797 2064 principale
826 2014 975 2056 tuum,
1003 2008 1120 2049 velut
1144 2007 1360 2064 quoddam
1391 2006 1717 2052 tabernaculum

328 2093 329 2096 ¹
348 2077 492 2127 Verbi,
514 2077 556 2120 in
575 2077 665 2136 ipso
689 2077 788 2120 fidei
806 2077 1013 2135 principio
1029 2085 1070 2122 et
1088 2077 1292 2121 doctrinae
1309 2077 1505 2135 spiritalis
1523 2078 1718 2121 diruatur

348 2147 548 2206 ingressu.
571 2143 792 2192 Fundatus
804 2148 919 2190 enim
938 2163 1018 2191 usu
1040 2155 1166 2205 atque
1187 2148 1491 2192 exercitatione
1513 2148 1718 2199 immobi-

324 2218 403 2261 „lis
427 2227 691 2275 perseverat,
722 2234 802 2261 nec
834 2219 978 2262 locum
1008 2219 1080 2261 dat
1106 2219 1146 2262 ei
1172 2218 1245 2275 qui
1279 2219 1323 2261 in
1346 2233 1562 2263 summum
1595 2221 1717 2278 quasi

350 2289 651 2348 transfigurans
672 2305 716 2332 se
739 2290 782 2332 in
797 2289 1008 2348 Angelum
1030 2289 1154 2339 lucis,
1174 2298 1353 2332 conatur
1369 2289 1620 2334 ascendere:
1644 2290 1718 2348 qui

349 2360 440 2403 siin
452 2360 576 2404 nobis
593 2376 667 2404 sua
686 2360 802 2419 signa
819 2376 905 2403 non
923 2359 1077 2403 viderit
1095 2360 1390 2403 auctoritatem
1403 2359 1626 2404 resistendi
1646 2361 1720 2403 ha-

349 2432 452 2474 bere
480 2446 567 2475 non
593 2432 760 2489 poterit.
794 2432 903 2490 Ergo
927 2447 981 2475 ne
1003 2431 1159 2490 affligat
1187 2446 1263 2473 nos
1286 2431 1507 2481 inimicus,
1538 2447 1594 2475 ne
1612 2427 1718 2475 vossa

351 2509 494 2549 nostra
512 2501 774 2560 confringat,
794 2516 880 2544 non
900 2500 1148 2546 deficiamus
1168 2516 1438 2561 perseverare
1460 2502 1503 2558 in
1521 2501 1714 2552 Christo,
1778 2504 1780 2508 ’

350 2578 397 2613 ut
428 2570 542 2614 dicat
571 2572 623 2614 de
653 2571 804 2615 nobis:
837 2589 854 2612 «
875 2572 1082 2617 Triduum
1111 2572 1274 2616 hahent
1303 2574 1420 2631 quod
1445 2581 1718 2632 perseverant

399 2672 407 2687 ¹
427 2662 512 2695 Psal.
529 2674 628 2703 nvn,
647 2675 698 2697 υ.
715 2681 757 2690 -
775 2674 788 2690 ²
807 2664 915 2699 Eccle.
930 2664 1009 2704 ΧΑ.
1022 2682 1064 2690 -
1078 2666 1093 2690 ³
1108 2664 1126 2697 ὅ
1142 2664 1222 2708 Reg.
1240 2675 1286 2702 vn,
1301 2675 1337 2706 7·
