1780 3120
394 227 448 256 nn
479 225 599 254 isne
632 224 687 253 ετ
721 223 864 253 mnu.
903 223 1026 252 mmm
1058 222 1176 253 uuus.
1411 209 1467 255 25

107 308 274 352 niamns
291 312 334 349 et
353 305 407 348 ad
421 303 729 362 Magdalenam.>
754 301 1081 345 Consideremus
1109 303 1472 360 quemadmodum

110 377 324 421 Christum
339 375 385 418 in
407 373 536 417 cubili
558 372 749 431 corporis
770 372 855 423 sui,
876 371 917 415 in
937 387 1023 430 quo
1038 372 1264 417 defunctus
1284 373 1470 432 jacebat,

109 448 153 492 in
167 447 364 491 noctibus
379 443 664 503 quaesiverint,
681 444 853 502 quando
869 442 972 487 dixit
982 443 1062 487 illis
1074 443 1282 503 Angelus:
1299 464 1315 485 α
1325 445 1476 489 Jesum

109 517 211 575 »qui
227 514 541 560 crucifixus·est
565 514 750 572 qnaeritis
769 529 780 558 :
811 529 899 557 non
915 521 980 557 est
998 513 1086 562 hic,
1111 515 1290 558 surrexit
1313 513 1471 557 enim².

109 606 127 629 ι
140 588 257 641 Quid
271 587 399 646 igitur
415 585 600 644 quaeritis
615 585 827 628 viventem
842 599 941 627 cum
957 584 1158 628 mortuis²
1170 585 1189 628 Ρ
1201 604 1217 626 υ
1234 585 1347 638 Quid
1368 599 1479 642 quae-

109 658 200 702 ritis
218 658 263 700 in
283 657 477 715 sepulcro
492 670 590 698 cum
611 655 683 713 qui
701 654 790 714 jam
807 654 850 697 in
867 657 976 712 coelo
993 655 1074 698 sit?
1095 655 1212 708 Quid
1230 655 1417 714 quaeritis
1434 655 1479 698 in

109 728 288 772 vinculis
318 728 545 786 sepulturae
573 725 869 768 universorum
896 726 1064 769 vincula
1089 725 1353 769 solventem?
1385 724 1481 768 Non

113 801 354 859 sepulcrum
379 797 481 840 huic
509 798 646 847 sedes,
673 798 748 840 scd
774 798 929 840 coelum
954 806 1030 841 est.
1061 798 1164 842 Ideo
1191 798 1295 842 dixit
1321 812 1404 840 una
1428 811 1482 840 ex

112 868 204 915 his:
221 888 239 909 ι
254 867 437 922 Quaesivi
452 882 568 916 eum,
587 874 630 909 et
646 882 731 909 non
750 867 890 910 inveni
906 866 1046 910 eum'.
1065 886 1083 908 ι

171 939 322 983 XLIII.
357 938 519 980 Tamen
542 937 642 979 dum
658 937 818 980 vadunt
833 936 1045 996 Apostolis
1062 925 1276 988 nuntiare,
1302 938 1483 982 misera-

113 1020 182 1054 tus
201 1015 437 1068 quaerentes
449 1039 461 1057 ,
476 1025 493 1047 «
506 1006 708 1050 Occurrit
722 1007 782 1050 eis
797 1006 922 1050 Jesus
938 1008 1105 1051 dicens:
1130 1009 1276 1052 Avete.
1309 1010 1395 1052 111ae
1413 1024 1485 1052 au-

113 1100 131 1122 »
145 1090 232 1124 tem
247 1086 530 1128 accesserunt,
551 1086 595 1121 et
614 1085 846 1121 tenuerunt
863 1079 994 1137 pedes
1008 1078 1117 1136 ejus,
1139 1087 1182 1122 et
1199 1079 1485 1124 adoraverunt

114 1138 286 1195 {eumfl
305 1167 322 1190 »
350 1149 540 1193 Tenetur
570 1163 670 1206 ergo
695 1147 836 1198 Jesus,
865 1149 941 1191 sed
968 1150 1206 1192 delectatur
1236 1148 1296 1191 sic
1327 1149 1481 1199 teneri,

115 1220 214 1279 quia
243 1218 330 1262 fide
355 1226 535 1262 tenetur.
566 1218 758 1275 Denique
786 1218 1011 1261 delectavit
1035 1234 1134 1261 eum
1155 1226 1200 1262 ct
1226 1219 1296 1262 illa
1328 1219 1486 1261 mulier

115 1305 209 1350 quae
225 1289 359 1349 tetigit
375 1305 491 1339 eum,
506 1297 549 1331 et
562 1296 707 1331 curata
723 1296 787 1331 est
803 1288 1016 1347 sanguinis
1033 1289 1166 1339 ssuxu,
1186 1290 1238 1331 de
1254 1304 1336 1346 qua
1355 1288 1483 1331 dixit:

128 1380 145 1402 α
159 1360 315 1419 Tetigit
334 1375 404 1402 me
425 1358 594 1416 aliquis3
618 1373 716 1401 nam
736 1358 874 1401 sentio
891 1359 1090 1402 virtutem
1110 1361 1162 1402 de
1179 1375 1249 1402 me
1264 1358 1439 1402 exisse⁵.
1456 1376 1475 1400 ι

116 1433 260 1490 Tange
279 1432 398 1489 ergo,
410 1437 459 1472 et
472 1428 557 1472 fide
576 1437 673 1472 tene
688 1444 787 1472 eum
799 1461 812 1478 ,
830 1437 874 1472 et
891 1429 1134 1488 constringe
1157 1428 1341 1472 fideliter
1355 1429 1486 1487 pedet

118 1501 236 1560 ejus:
253 1509 316 1547 ,ut
344 1500 477 1543 virtus
506 1500 559 1542 de
581 1514 633 1542 eo
656 1506 792 1549 exeat,
816 1507 860 1542 et
879 1507 999 1542 sanet
1023 1499 1209 1542 animam
1227 1507 1359 1542 tuam.
1382 1499 1435 1541 Et
1452 1497 1487 1541 si

120 1572 256 1615 dicat:
272 1569 392 1614 «Noli
407 1585 476 1612 me
495 1577 668 1627 tangere
681 1585 691 1610 :
704 1587 720 1609 n
735 1577 782 1611 tu
798 1577 917 1619 tene;
933 1569 1163 1613 «Nondum
1180 1569 1295 1612 enim
1312 1567 1487 1611 ascendi
1504 1575 1506 1577 '

119 1659 137 1682 ι
149 1643 204 1684 ad
212 1641 380 1684 Patrem
389 1637 602 1688 meum‘,»
617 1638 719 1681 dixit
731 1633 876 1682 semel.
893 1638 1028 1682 Dixit:
1045 1639 1165 1682 «Noli
1177 1654 1246 1682 me
1260 1647 1449 1697 tangere,
1461 1655 1479 1678 n

40 1761 43 1763 ,
119 1711 289 1768 quando
315 1700 572 1752 resurrexit:
607 1715 679 1750 aut
699 1707 808 1751 forte
835 1708 895 1751 illi
926 1708 1031 1751 dixit
1058 1724 1153 1766 quae
1175 1709 1355 1768 putabat
1376 1708 1494 1751 furto

121 1795 213 1823 esse
237 1779 473 1828 sublatum,
497 1786 540 1821 et
562 1793 647 1820 non
662 1777 819 1821 virtute
834 1778 1006 1836 propria
1021 1779 1331 1822 resuscitatum.
1357 1777 1494 1821 Deni-

121 1866 205 1909 que
220 1851 264 1894 in
281 1850 361 1893 alio
374 1849 483 1893 libro
493 1848 641 1897 habes,
652 1848 751 1906 quia
763 1849 1007 1892 tenentibus
1018 1849 1146 1908 pedes
1162 1858 1206 1893 et
1218 1849 1494 1893 adorantibus

123 1921 227 1964 dixit
244 1937 255 1962 ε
271 1938 288 1960 ι
305 1920 443 1964 Nolite
461 1918 651 1962 timere⁷.
668 1938 685 1959 ι
697 1919 814 1962 Tene
828 1934 930 1978 ergo
946 1928 990 1962 et
1006 1928 1054 1963 tu
1072 1921 1208 1963 anima
1220 1953 1232 1970 ‚
1252 1920 1364 1963 sicut
1378 1928 1496 1962 tene-

121 1992 196 2036 bat
215 1999 260 2034 et
276 1990 422 2039 Maria,
440 1997 483 2032 et
497 1989 588 2032 dic:
605 1988 765 2032 «Tenui
782 2004 898 2039 eum,
917 1997 961 2032 et
975 2005 1061 2032 nou
1078 1990 1291 2033 dimittam
1302 1990 1335 2032 ⁸.
1351 2008 1368 2030 ι
1382 1989 1496 2032 sicut

125 2061 324 2105 dicebant
341 2059 475 2102 ambae
492 2073 534 2100 τι
548 2058 785 2101 Teneamus
803 2067 856 2102 te.
873 2077 890 2099 ι
904 2058 1020 2103 Vade
1038 2061 1091 2103 ad
1106 2060 1292 2109 Patrem,
1314 2059 1388 2102 sed
1408 2072 1498 2101 non

126 2132 340 2190 relinquas
368 2131 522 2179 Evam,
549 2145 604 2173 ne
630 2129 786 2173 iterum
810 2130 991 2174 labatur.
1027 2131 1190 2174 Tecum
1212 2146 1307 2174 cam
1333 2129 1497 2180 ducito,

125 2201 214 2261 jam
234 2198 321 2244 non
339 2208 574 2250 errantem*
589 2200 664 2243 sed
685 2200 882 2242 arborem
901 2200 997 2243 vitae
1012 2208 1245 2244 tenentem.
1271 2201 1389 2258 Rape
1408 2200 1498 2242 tuis

126 2272 307 2331 pedihus
328 2272 622 2320 inhaerentem,
651 2278 700 2313 ut
721 2278 864 2313 tecum
882 2271 1111 2314 ascendat:
1140 2271 1228 2313 noli
1254 2285 1324 2312 me
1350 2270 1499 2313 ‹limit-

128 2350 234 2392 tere,
255 2357 311 2385 ne
330 2341 483 2384 iterum
498 2355 670 2398 serpens
685 2354 849 2382 venena
866 2355 942 2382 sua
956 2339 1124 2390 fundat,
1142 2355 1196 2383 ne
1214 2340 1372 2384 iterum
1389 2353 1503 2397 quae-

177 2466 187 2480 ¹
215 2455 337 2491 nauh.
359 2467 477 2496 xxvm,
496 2457 527 2492 5.
550 2455 584 2488 6.
603 2473 645 2480 —
669 2465 682 2480 ²
700 2456 780 2488 Luc.
806 2466 892 2493 xxxv,
910 2457 941 2489 5.
956 2474 996 2481 —
1013 2457 1028 2481 ⁸
1042 2456 1142 2490 Cant.
1162 2467 1214 2493 m.
1233 2467 1261 2489 ι.
1279 2473 1320 2480 -
1341 2456 1352 2480 ⁴
1369 2453 1494 2486 nauh.

130 2520 250 2549 xxviii,
268 2521 302 2553 9.
322 2528 363 2534 —
380 2512 393 2534 ⁵
409 2510 488 2543 Luc.
508 2520 582 2548 vm,
597 2508 652 2547 46.
672 2527 714 2534 —
728 2509 744 2531 ⁵
758 2510 854 2542 Joan.
879 2520 934 2551 xx,
953 2519 1005 2554 ¹7·
1023 2529 1065 2536 -
1084 2517 1096 2540 ⁷
1116 2509 1238 2544 nauh.
1254 2520 1370 2546 xxviii,
1389 2517 1440 2540 ιο.
1459 2524 1503 2532 -

133 2565 148 2587 ⁸
164 2563 262 2597 cant.
289 2563 387 2604 ιιι,4.
