1780 3120
356 187 415 237 64
900 189 932 218 S·
972 186 1166 217 AMBnosu

356 277 425 321 Ad
454 274 638 318 animam
665 270 745 314 hoc
783 268 945 311 dictum
976 273 1051 310 est.
1090 263 1243 307 Anima
1272 277 1376 321 ergo
1421 270 1565 307 nostra
1611 263 1721 313 siout

357 345 493 403 aquila
520 345 601 385 alta
628 347 777 398 petat,
811 352 938 395 supra
966 336 1100 378 nubes
1126 335 1238 377 volet
1263 366 1275 391 2
1314 335 1525 378 renovatis
1574 335 1720 393 splen-

357 417 500 458 descat
531 409 688 453 exuviis
711 441 722 457 ‚
767 408 873 449 coelo
902 407 1063 448 volatus
1102 404 1254 446 inserat
1278 436 1289 453 ,
1331 404 1405 446 ubi
1443 406 1616 462 laqueos
1661 405 1720 448 in-

357 485 498 526 cidere
529 495 613 523 non
637 477 782 537 possit.
811 476 909 520 Avis
933 475 1046 517 enim
1073 489 1167 532 quae
1190 474 1410 517 descendit
1442 490 1495 518 ex
1515 476 1601 518 alto
1617 506 1630 526 ‚
1654 475 1723 520 vel

355 568 448 610 quae
472 552 513 593 in
541 551 671 592 altum
701 563 745 590 se
766 547 966 590 extollere
992 559 1079 586 non
1098 552 1263 603 potest,
1293 544 1538 602 frequenter
1564 552 1637 588 aut
1657 545 1721 588 la-

357 621 474 680 queis
493 619 671 677 capitur‚
700 625 770 660 aut
795 617 910 659 visco
927 614 1102 665 fallitur,
1129 624 1201 658 aut
1217 615 1559 674 quibuscumque
1581 616 1722 660 irreti-

356 701 425 735 tur
451 689 621 732 insidiis.
656 687 725 730 Sic
757 701 923 743 quoque
957 693 1000 727 et
1030 684 1168 728 anima
1201 693 1344 728 nostra
1373 694 1520 730 caveat
1550 687 1604 729 ad
1629 686 1722 729 haec

355 762 571 805 mundana
594 758 863 800 descendere.
899 755 1097 812 Laqueus
1119 763 1182 798 est
1204 756 1247 798 in
1273 771 1375 799 auro
1389 789 1399 806 ,
1426 757 1565 799 viscus
1588 757 1631 799 in
1653 768 1723 799 arv

355 838 497 889 geum,
522 843 651 870 nexus
670 826 711 868 in
734 825 910 883 praedio,
931 826 1074 868 clavus
1097 833 1161 868 est
1183 826 1227 868 in
1249 841 1406 871 amore.
1437 827 1552 870 Dum
1571 841 1722 870 aurum

353 900 550 959 petimus,
567 898 881 954 strangulamur
896 911 906 938 :
921 897 1027 939 dum
1042 905 1265 956 argentum
1283 898 1530 956 quaerimus,
1553 898 1596 940 in
1607 897 1722 942 visco

355 971 447 1029 ejus
464 970 672 1012 haeremus
693 983 702 1010 :
728 969 830 1010 dum
846 967 1051 1026 praedium
1069 968 1324 1018 invadimus,
1343 969 1576 1028 alligamur.
1605 969 1724 1022 Quid

353 1042 479 1087 inane
502 1039 728 1097 quaerimus
749 1040 916 1082 lucrum
939 1038 1133 1096 pretiosae
1151 1039 1301 1082 animae
1318 1040 1603 1084 detrimento?
1623 1040 1723 1083 Exi-

358 1127 463 1171 guus
496 1110 571 1153 tihi
600 1117 662 1152 est
694 1117 805 1151 tolus
833 1110 1018 1151 mundus
1049 1124 1128 1168 pro
1152 1110 1277 1153 unius
1301 1111 1451 1153 animae
1476 1110 1716 1169 dispendio.

357 1199 374 1222 ι
389 1179 501 1232 Quid
525 1179 637 1221 enim
660 1180 833 1237 prodest
866 1178 1029 1221 homini
1058 1179 1092 1221 si
1121 1179 1236 1222 hunc
1259 1182 1469 1224 mundum
1491 1182 1683 1224 lucretur
1707 1212 1719 1231 ,

329 1287 333 1291 .
359 1270 377 1293 »
391 1250 538 1293 animae
555 1264 655 1292 vero
683 1264 766 1291 suae
785 1244 1086 1292 detrimentum
1107 1250 1320 1308 patiatur?
1342 1250 1428 1294 Aut
1453 1266 1583 1309 quam
1604 1257 1724 1294 com-

355 1339 373 1361 »
385 1319 663 1363 mutationem
681 1318 798 1361 dabis
824 1333 901 1375 pro
915 1319 1052 1362 anima
1066 1318 1161 1362 tua¹
1178 1321 1227 1363 Ρ»
1240 1320 1334 1364 Non
1354 1336 1457 1363 auro
1473 1320 1721 1373 redimitur,

355 1405 442 1434 non
479 1397 651 1447 argento
674 1421 685 1437 ,
723 1388 808 1429 imo
849 1403 952 1430 auro
990 1389 1209 1432 amittitur.
1254 1390 1499 1442 Quinetiam
1533 1390 1723 1434 mulieris

357 1462 485 1504 decus
499 1458 605 1515 (ιο),
619 1459 719 1501 dum
733 1466 937 1507 tentatur,
954 1455 1158 1517 astringit.
1176 1459 1330 1503 Clavus
1339 1468 1402 1504 est
1416 1459 1566 1510 libido,
1580 1460 1723 1504 clavus

356 1529 535 1578 tristitia,
561 1530 702 1571 clavus
714 1528 948 1578 iracundia,
971 1529 1078 1575 clavi
1093 1537 1192 1573 sunt
1213 1545 1360 1573 omnes
1378 1531 1609 1589 passiones,
1630 1545 1722 1589 quae

355 1602 469 1644 velut
488 1615 590 1642 vern
610 1600 793 1656 quodam
812 1600 997 1641 animam
1018 1608 1205 1642 nostram
1218 1608 1462 1659 penetrant,
1481 1609 1525 1645 et
1541 1599 1724 1659 infigunt

355 1670 538 1728 corpori,
564 1669 877 1727 visceribusque
899 1669 993 1728 ejus
1017 1678 1266 1715 annectunt.
1518 1671 1521 1674 ’

409 1738 543 1783 XVII.
581 1738 808 1797 Fugiamus
828 1754 928 1798 ergo
951 1740 1041 1784 haec
1058 1742 1190 1791 mala,
1220 1749 1264 1785 et
1282 1743 1516 1786 exaltemus
1534 1743 1720 1787 animam

347 1819 535 1855 nostram
563 1811 615 1853 ad
642 1811 755 1853 illam
784 1811 1010 1869 imaginem
1038 1811 1117 1855 Dei
1151 1820 1195 1855 et
1225 1812 1558 1858 similitudinem.
1598 1814 1741 1874 Fuga,

347 1883 556 1924 malorum
578 1880 809 1924 similitudo
836 1881 915 1924 Dei
940 1889 1027 1931 est,
1053 1889 1096 1924 et
1123 1881 1348 1925 virtutibus
1371 1882 1511 1943 imago
1542 1883 1621 1927 Dei
1644 1898 1717 1944 ac-

346 1950 538 2008 quiritur.
557 1951 656 1994 Ideo
674 1951 745 2008 qui
766 1966 842 1994 nos
860 1950 994 2010 pinxit
1014 1951 1133 2010 quasi
1157 1960 1332 2003 auctor,
1354 1953 1488 2012 pinxit
1508 1954 1715 1998 virt-utum

344 2020 562 2063 coloribus
583 2036 593 2061 ε
628 2038 646 2060 α
665 2021 776 2064 Ecce
797 2036 874 2079 ego
889 2053 900 2070 ,
928 2022 1066 2080 inquit
1092 2022 1145 2065 ad
1167 2023 1431 2067 Hierusalem
1446 2056 1458 2074 ,
1475 2024 1593 2083 pinxi
1616 2039 1714 2068 mu-

347 2104 416 2132 ros
437 2098 530 2132 tuos
548 2089 578 2132 ².
602 2108 618 2130 »
641 2090 735 2134 Non
762 2091 1030 2150 detergamus
1045 2092 1246 2151 penicillo
1262 2093 1527 2152 negligentia}
1545 2094 1712 2153 depicta

349 2160 499 2204 animae
524 2168 676 2203 nostrae
705 2160 973 2206 firmamenta
1010 2164 1202 2208 muralia.
1240 2164 1341 2209 Ideo
1372 2164 1503 2209 dixit:
1535 2165 1710 2229 §Muros

345 2230 488 2290 pinxi,
508 2249 523 2271 »
544 2231 695 2289 quibus
717 2233 883 2277 hostem
899 2235 1108 2294 possimus
1131 2245 1332 2282 avertere.
1382 2244 1384 2247 ’
1562 2276 1566 2278 .

404 2301 558 2346 XVIII.
595 2302 732 2347 Habet
754 2305 892 2349 anima
911 2321 1056 2351 muros
1077 2323 1199 2361 suos,
1225 2311 1278 2354 de
1298 2310 1454 2370 quihus
1467 2304 1709 2364 eminetsse‘t

347 2372 400 2416 de
420 2372 574 2430 quibus
591 2373 647 2416 ait
665 2389 675 2416 ε
692 2375 806 2434 «Ego
823 2377 967 2422 civitas
982 2379 1144 2423 munita
1159 2413 1171 2431 ,
1190 2396 1270 2440 ego
1287 2381 1434 2427 civitas
1448 2383 1619 2428 obsessa
1631 2383 1699 2440 ’.μ’

340 2436 416 2487 His
436 2442 627 2486 munitur
643 2445 789 2497 muris,
812 2447 876 2493 his
898 2449 1068 2495 obsessa
1085 2445 1339 2498 defenditur.
1365 2454 1419 2499 Et
1439 2446 1538 2500 rere
1553 2451 1706 2503 murus

389 2537 400 2557 ¹
414 2534 534 2569 Matth.
559 2546 625 2577 xv»,
645 2538 699 2573 26.
718 2558 758 2569 --·
775 2550 787 2567 ¹
805 2541 881 2578 lsai.
895 2554 983 2584 mx,
1005 2545 1055 2581 ιδ.
1073 2563 1115 2572 --
1133 2547 1147 2572 ⁸
1163 2546 1215 2582 ld.
1230 2557 1332 2589 xxvn,
1350 2547 1382 2584 5.
