1780 3120
357 302 411 332 ne
442 295 834 332 munuum-roten
866 294 1009 331 nsvin.
1046 300 1128 330 un.
1165 297 1221 330 nv,
1376 286 1464 346 489

163 379 240 426 xl.
276 379 512 424 ludnerunt
534 393 582 422 se
594 378 893 422 maledictione
903 376 1065 428 sudaei,
1079 379 1134 422 de
1154 377 1310 436 quibus
1329 377 1466 438 scrip-

106 458 199 494 tum
216 458 282 494 est
296 465 308 493 ε
321 467 339 490 ι
356 449 519 494 Prodiit
531 449 650 508 quasi
669 465 724 493 ex
743 449 867 509 adipe
881 449 1080 508 iniquitas
1099 464 1247 492 eorum
1258 481 1272 500 ,
1292 449 1466 493 transie-

74 538 78 545 ·
103 529 236 564 »runt
259 520 305 564 in
333 520 654 580 dispositionem
677 520 819 564 cordis
838 519 871 563 ¹.
893 520 991 563 »Ab
1018 519 1142 578 adipe
1166 519 1327 579 adipsal
1349 519 1466 564 enim

103 591 275 642 dicitur,
296 590 341 635 id
360 599 448 642 est,
471 591 640 651 pingue.
670 590 794 635 Sicut
811 590 927 634 enim
947 591 1085 635 anima
1110 591 1233 635 bonis
1253 598 1397 650 pasta,
1419 598 1467 635 et

102 661 256 707 referta
271 662 500 706 virtutibus
510 695 523 712 ,
544 670 746 720 tanquam
763 661 887 721 adipe
897 669 943 706 et
955 661 1212 721 pinguedine
1227 661 1462 720 repletur2,

101 740 151 776 ut
173 732 378 792 scriptum
398 741 488 776 est:
502 732 564 775 sic
585 732 783 790 iniquitas
796 747 891 791 quae
904 732 1023 790 qnasi
1038 746 1092 775 ex
1112 731 1234 790 adipe
1249 732 1459 790 procedit,

103 818 189 846 non
204 804 345 847 tenuis
364 811 409 846 et
427 802 545 846 exilis
565 803 842 862 significatur,
864 805 1071 862 sedplena
1090 803 1305 846 vitiorum.
1328 803 1454 846 Deni-

99 888 185 931 que
205 889 293 917 non
321 874 495 917 fortuito
517 875 703 932 quodam
727 875 847 933 lapsu
868 874 911 917 in
932 889 1120 917 errorem
1142 873 1329 916 incidere
1354 888 1365 915 ε
1388 875 1464 919 sed

99 945 277 988 consilio
297 953 342 988 et
359 945 634 1003 dispositione
653 944 699 988 in
718 945 984 1004 sacrilegium
1007 945 1276 988 transierunt.

97 1085 464 1099 „35⁸5”§m§§==§=
470 1085 630 1098 ιῡῦνιῑνδ
636 1086 1213 1099 δκὶνυανδνυὶδδῡπὶῠῆῦῶῡιιὶαδς
1218 1085 1465 1100 ινδιδῦιῡῶιψὶ

648 1173 830 1217 CAPUT
859 1172 907 1217 V.

94 1307 188 1362 Qua·
207 1322 253 1350 οε
272 1321 404 1350 auum
427 1307 478 1348 in
499 1306 656 1348 coelum
672 1314 867 1362 ponunt,
888 1319 957 1347 eos
972 1319 1069 1362 proe
1082 1304 1248 1347 caetoru's
1266 1317 1352 1346 esse
1374 1303 1455 1359 qui

149 1378 303 1421 mnia
330 1377 560 1421 nullarum
590 1375 838 1418 necessitati
857 1375 1112 1418 attribuunt
1133 1391 1148 1416 .·
1169 1375 1276 1432 ipsis
1302 1385 1454 1417 tamen

150 1447 269 1491 hane
294 1463 324 1490 a
355 1448 446 1490 Deo
470 1448 670 1507 gratiam
697 1447 946 1495 reservari,
971 1457 1020 1489 ut
1043 1455 1329 1489 revertamur
1351 1459 1454 1488 cum

149 1518 293 1563 Israel
306 1536 322 1561 :
337 1521 413 1576 cuj
417 1533 465 1562 us
478 1515 646 1561 reditus
655 1517 915 1576 mysterium
930 1517 1183 1559 declaratur
1195 1532 1209 1558 :
1221 1516 1391 1559 eosdem
1403 1525 1454 1557 ut

148 1605 176 1631 a
205 1590 297 1634 Deo
308 1599 466 1648 negent
486 1589 655 1631 occulta
667 1588 870 1646 cognosci
881 1621 893 1637 ‚
911 1587 1113 1630 maxime
1128 1587 1285 1629 induci
1300 1601 1450 1644 pecea-

149 1671 298 1704 torum
307 1660 729 1718 divitiis:postromo
738 1656 1103 1701 idmdochristo
1111 1657 1291 1700 sensisse
1301 1656 1450 1699 Simo-

146 1746 249 1774 nem
271 1730 560 1790 pharisaeum.

145 1852 243 1897 XII.
261 1852 541 1896 «Postumum-r
563 1850 607 1894 in
630 1852 787 1894 coelum
810 1865 859 1893 os
885 1863 1039 1899 suum;
1065 1856 1110 1890 et
1133 1848 1276 1906 lingua
1297 1861 1447 1890 eorum

85 1942 103 1963 ι
115 1923 309 1967 transivit
326 1938 455 1981 super
474 1929 633 1965 terram
645 1920 676 1964 ³.
701 1920 864 1964 Ponere
883 1919 927 1961 in
948 1919 1106 1962 coelum
1129 1932 1178 1960 os
1198 1932 1322 1960 suum
1342 1916 1448 1974 quid

3 2029 10 2038 ‚
85 1993 164 2043 sit,
187 1991 316 2036 docet
339 2008 419 2036 nos
441 1992 512 2035 ille
537 2007 591 2034 ex
616 1991 818 2034 fratribus
841 1988 1163 2038 adolescentior,
1183 1987 1257 2045 qui
1281 2002 1447 2045 regres-

84 2079 155 2107 sus
169 2065 224 2107 ad
243 2071 407 2122 patrem
428 2062 534 2106 dixit
557 2078 569 2105 z
605 2080 622 2101 ι
636 2062 775 2111 Pater,
798 2060 970 2120 peccavi
992 2059 1037 2102 in
1055 2061 1212 2102 coelum
1230 2067 1275 2102 et
1296 2073 1443 2102 coram

83 2152 100 2173 ι
114 2143 155 2177 te
173 2133 206 2177 ⁴.
229 2134 400 2176 Ponant
419 2141 561 2176 autem
582 2132 625 2175 in
640 2134 797 2175 coelum
811 2146 859 2173 os
874 2146 999 2173 suum
1019 2130 1093 2187 qui
1113 2129 1192 2172 sibi
1211 2125 1441 2173 criminum

83 2203 353 2247 auctoritates
364 2235 379 2252 ‚
401 2201 629 2246 nativitatis
643 2209 794 2259 putant
807 2201 991 2259 quadam
1002 2199 1253 2243 necessitate
1267 2199 1435 2243 deferri.

81 2274 135 2317 Hi
154 2288 236 2316 nec
258 2274 368 2316 coelo
383 2288 464 2316 nec
493 2273 618 2315 terris
643 2287 819 2331 parcere
841 2272 1000 2320 sole-nt,
1028 2278 1079 2313 ut
1101 2284 1232 2313 cursu
1260 2270 1445 2328 quodam

2 2332 9 2335 Δ
81 2345 296 2388 stellarum
315 2344 574 2387 arbitrentur
599 2342 727 2387 vitam
748 2342 931 2386 hominis
948 2340 1188 2400 gubernari.
1211 2340 1326 2385 Nihil
1339 2354 1443 2399 pro-

79 2414 302 2464 videmiae,
332 2414 439 2457 nihil
466 2414 591 2457 honis
618 2413 810 2456 moribus
842 2412 1154 2470 derelinquunt.
1194 2411 1335 2469 Atque
1361 2411 1443 2455 uti·

78 2500 179 2531 nam
209 2493 254 2528 et
279 2484 374 2534 isti,
402 2484 514 2528 sicut
542 2484 612 2528 ille
642 2499 752 2526 unus
782 2482 836 2525 de
866 2482 1035 2526 dnobus
1075 2481 1435 2531 adolescentibus,

79 2555 346 2603 revertissent
364 2570 374 2597 :
400 2555 539 2598 honus
567 2554 773 2598 Dominus
796 2541 1033 2596 remedium
1053 2567 1141 2596 non
1162 2558 1377 2611 negasset,
1393 2559 1438 2595 et

123 2657 135 2673 ¹
154 2647 239 2686 Pul.
257 2658 361 2689 unu,
378 2659 410 2695 9.
427 2665 470 2674 —
486 2657 499 2673 ⁸
519 2646 571 2681 ld.
589 2657 667 2685 nn,
680 2646 715 2679 6.
726 2663 765 2671 -
779 2646 795 2670 ⁸
813 2643 864 2678 ld.
877 2654 983 2683 uzu.
998 2655 1034 2687 9.
1049 2660 1090 2669 -
1106 2645 1121 2671 ⁴
1133 2644 1279 2680 mxv.
1292 2641 1347 2676 18.
