1780 3120
346 266 399 296 nn
431 263 824 296 ixrssnrssturioxss
858 265 1000 295 mvn).
1039 267 1119 296 un.
1160 266 1203 296 ιι.
1369 249 1457 311 2537

95 342 362 388 »transiliens
387 358 515 403 super
538 343 691 387 colles¹
712 361 762 394 μ
785 344 969 403 majores
994 344 1108 388 enim
1130 345 1250 396 salit,
1273 345 1461 391 minores

95 413 300 464 transilit,
331 429 387 458 ne
409 413 489 474 piae
511 413 787 458 festinationis
809 414 1113 474 impedimenta
1135 417 1334 476 patiatur.
1364 435 1381 457 ι
1397 415 1461 461 Si-

94 484 235 529 »milis
253 493 343 537 est,
368 484 530 544 inquit,
552 486 832 529 consobrinus
856 501 978 530 meus
1004 489 1212 546 capreolae
1229 520 1240 538 ,
1266 497 1339 533 aut
1358 488 1459 533 hin-

94 555 231 610 »nulo=
257 570 481 599 cervorum
514 570 641 614 super
659 564 827 599 montes
849 556 1042 600 Bethe12.
1066 576 1082 598 ι
1105 558 1250 602 Bonus
1273 574 1421 603 cervus
1442 592 1455 608 ,

94 626 218 684 eujus
236 641 362 671 mons
379 634 444 670 est
465 627 617 670 domus
636 627 739 689 Dei,
764 627 807 670 in
833 642 960 685 quam
981 636 1098 671 tanta
1119 629 1335 673 celeritate
1357 645 1435 673 cur

95 697 217 742 rebat
238 705 251 745 .’
273 706 324 741 ut
346 711 507 757 sponsae
532 705 629 740 vota
654 705 700 740 et
726 697 933 741 desideria
965 698 1230 756 praeveniret.
1262 699 1458 758 Denique

94 782 220 825 quem
241 769 294 811 de
310 767 540 826 longinquo
559 768 798 811 venientem
819 768 998 819 viderat,
1021 777 1196 827 repente
1215 769 1296 812 sibi
1313 771 1460 813 adesse

94 839 316 898 eognovit3
338 840 453 882 unde
468 847 513 882 et
532 839 590 882 ait
609 855 618 881 :
637 856 654 878 «ι
668 839 780 882 Eece
800 838 872 882 hic
893 848 987 898 post
1004 839 1210 898 parietem
1226 848 1420 883 nostrum
1443 873 1455 889 ,

93 909 383 969 »prospiciens
406 924 482 968 per
510 909 713 952 fenestras
730 942 741 959 ,
763 909 954 952 eminens
977 924 1054 968 per
1076 909 1197 953 retia.
1223 910 1460 969 Respondit

94 979 401 1024 »consobrinus
422 995 543 1023 meus
556 1012 567 1030 ,
587 987 631 1023 et
652 979 755 1022 dixit
775 979 879 1023 mihi
899 980 1092 1039 :Exurge
1116 1013 1128 1030 ,
1150 981 1245 1023 veni
1265 981 1457 1039 proxima

94 1064 218 1094 »mea
232 1083 245 1100 ,
279 1049 463 1094 formosa
488 1065 583 1093 mea
599 1084 610 1100 ,
647 1050 847 1093 columba
882 1066 976 1094 mea
988 1067 1001 1100 3
1036 1051 1135 1108 quia
1168 1065 1271 1094 ecce
1307 1051 1460 1110 hyems

94 1121 347 1180 »praeteriit‚
375 1120 512 1164 imber
537 1120 663 1170 abiit,
687 1120 880 1164 discessit
909 1120 988 1163 sibi
1004 1152 1017 1170 ,
1042 1119 1168 1164 flores
1188 1120 1265 1163 visi
1293 1129 1393 1164 sunt
1413 1121 1456 1164 in

95 1198 237 1235 »terra
252 1190 284 1234 ⁸.
318 1190 507 1249 »Hyems
530 1190 752 1249 Synagoga
783 1198 846 1233 est
872 1205 883 1232 ε
908 1190 1046 1234 imber
1072 1193 1255 1250 populus
1283 1191 1460 1235 Jndaeo-

94 1276 214 1312 rum,
236 1261 311 1320 qui
335 1259 480 1304 Solem
499 1260 643 1305 videre
667 1276 755 1303 non
778 1260 918 1319 potuit
938 1277 949 1303 z
974 1260 1101 1304 ssores
1124 1260 1316 1320 Apostoli
1340 1271 1457 1305 sunt.

94 1331 154 1378 Et·
165 1331 331 1376 addidit
349 1347 359 1374 :
375 1349 393 1371 ι
413 1331 557 1376 Messis
578 1331 793 1374 incisionis
818 1331 1003 1384 advenit,
1021 1346 1104 1374 vox
1122 1331 1299 1374 turturis
1319 1331 1464 1375 audita

96 1409 190 1445 »est
208 1400 253 1444 in
276 1408 390 1444 terra
411 1409 555 1444 nostra
568 1400 599 1444 ⁴.
626 1420 642 1440 ι
659 1400 806 1445 Messis
827 1400 900 1443 ina
921 1400 1121 1444 Ecclesiae
1143 1400 1251 1444 fides
1265 1410 1331 1444 est
1352 1417 1363 1444 ε
1383 1416 1463 1444 vox

97 1471 271 1516 turturis
292 1471 497 1531 pudicitia
512 1478 590 1514 est.

152 1543 226 1588 lv.
262 1543 351 1588 Nee
371 1542 438 1586 his
463 1543 589 1591 solis,
613 1542 691 1584 sed
708 1541 838 1585 etiam
857 1543 973 1585 cervi
993 1543 1311 1587 similitudinem
1335 1544 1464 1586 susci-

95 1614 159 1673 pit
175 1613 392 1662 Christus,
416 1613 514 1671 quia
539 1612 713 1656 veniens
734 1612 779 1655 in
806 1621 940 1655 terras
963 1621 1206 1671 serpentem
1229 1613 1348 1656 illum
1369 1613 1463 1656 dia-

97 1685 245 1729 bolum
273 1684 364 1728 sine
389 1685 475 1727 ulla
505 1683 570 1726 sui
601 1682 836 1726 offensione
862 1683 1083 1741 protrivit,
1118 1683 1189 1726 cui
1211 1685 1463 1727 calcaneum

97 1767 223 1799 suum
241 1754 418 1805 obtulit,
447 1753 522 1797 sed
548 1753 643 1811 ejus
661 1768 822 1796 venena
852 1768 939 1795 non
973 1753 1116 1796 sensit.
1148 1754 1268 1797 Unde
1295 1753 1459 1796 dictum

96 1833 165 1868 est
173 1825 214 1868 ei
232 1840 277 1868 :t
291 1824 429 1884 Super
450 1825 638 1883 aspidem
655 1831 698 1866 et
718 1823 963 1869 basiliscum
979 1823 1255 1867 ambulabis&
1282 1842 1297 1863 ι
1309 1823 1463 1867 Simus

96 1910 199 1954 ergo
222 1902 266 1938 et
282 1907 366 1938 nos·
381 1895 510 1944 cervi,
536 1902 582 1936 ut
603 1909 730 1951 super
752 1901 970 1951 serpentes
993 1894 1211 1937 ambulare
1230 1893 1456 1952 possimus.

98 1965 267 2009 Erimus
287 1965 429 2015 cervi,
452 1964 486 2008 si
511 1978 660 2007 vocem
681 1963 838 2006 Christi
860 1978 1088 2021 sequamur
1103 1996 1115 2012 ,
1140 1979 1232 2021 quae
1253 1972 1464 2022 praeparat

100 2051 273 2086 cervos,
296 2044 341 2080 et
360 2035 461 2079 facit
480 2049 647 2078 morsus
669 2033 931 2093 serpentium
955 2049 1041 2076 non
1058 2033 1238 2079 timei-ea
1258 2048 1307 2076 ae
1329 2034 1364 2076 si
1387 2035 1462 2092 qui

99 2106 208 2152 forte
225 2105 384 2150 fuerint
407 2106 642 2155 vulnerati,
676 2104 814 2148 aufert
839 2120 989 2148 eorum
1011 2106 1231 2166 dolorem,
1250 2105 1463 2147 ,solvendo

101 2177 315 2228 delictum.
334 2177 398 2221 De
412 2176 478 2225 his
494 2175 627 2220 cervis
643 2175 747 2219 dicit
760 2175 967 2219 Dominus
979 2175 1033 2219 ad
1048 2174 1073 2217 J
1077 2175 1140 2219 ol)-
1154 2182 1199 2217 :i
1213 2174 1462 2218 observasti

99 2257 273 2308 spartus
292 2253 517 2292 cervorum
537 2262 548 2289 :
571 2246 803 2290 numerasti
827 2255 969 2290 autem
983 2262 1149 2292 menses
1169 2261 1320 2289 eorum
1335 2278 1348 2296 ,
1369 2247 1466 2304 ple-

101 2334 208 2365 »nos
237 2318 409 2378 partus?
435 2319 585 2370 Partus
613 2326 759 2365 autem
778 2333 928 2361 eorum
952 2317 1137 2373 solvisti,
1170 2315 1459 2361 vel2enutristi

102 2388 243 2439 »filios
261 2404 411 2435 eorum
427 2421 440 2440 ‚
463 2397 614 2433 utnon
633 2387 833 2432 timeant⁶
849 2387 868 2430 ἱ)
887 2407 915 2429 ι»
932 2387 1047 2432 Audi
1067 2387 1283 2445 quomodo
1303 2400 1390 2430 non
1407 2385 1462 2431 ti·-

102 2469 247 2507 meant
259 2460 335 2505 filii
355 2475 578 2505 cervorum
593 2459 755 2505 talium.
776 2459 938 2505 Doceat
951 2468 995 2503 te
1015 2459 1158 2517 EsaIas
1180 2457 1327 2521 dicens
1349 2472 1394 2500 τε(
1409 2457 1464 2504 Et

124 2579 129 2587 ³
148 2570 161 2591 ¹
180 2565 277 2600 cmt.
293 2575 334 2604 n.
350 2564 430 2598 8.-
448 2575 463 2590 ·
475 2564 679 2608 1bid.9.-³
695 2563 781 2598 lbid.
803 2574 853 2602 ιο,
868 2559 1159 2599 u.—⁷⁴1bid.‘n.
1171 2578 1213 2587 -
1226 2559 1328 2595 'Psat
1342 2570 1395 2602 xe,
1413 2560 1460 2598 13,

106 2637 147 2647 --
161 2621 177 2644 ⁶
190 2618 269 2655 Joh.
281 2629 392 2658 xxxix,
410 2630 438 2658 ι,
451 2631 487 2668 .²·
1123 2623 1128 2628 ⁴
1203 2630 1205 2632 ·
1308 2622 1310 2629 ’
