1780 3120
374 202 429 231 nn
460 200 582 230 isne
615 201 670 230 nr
703 200 849 230 mma.
888 202 1009 231 Lmen
1040 202 1159 233 unus.
1392 193 1453 245 45

86 300 106 323 ι
118 296 242 326 snum
257 279 270 303 ¹
288 279 307 323 i>
322 298 339 320 ι
367 278 570 338 Superius
587 279 778 323 dixerant
797 294 808 322 ε
838 296 855 319 α
874 279 1082 332 Quaenam
1103 290 1167 325 est
1182 282 1275 326 haec
1295 285 1458 343 prospi-

89 351 233 395 nciens
263 359 465 409 tanquam
502 349 736 393 diluculum
754 383 766 400 ,
796 350 984 409 speciosa
1016 350 1125 401 sicut
1159 354 1284 404 luna,
1318 356 1458 400 electa

90 421 230 465 »sicut
249 420 335 464 sol'
353 420 372 463 Ρ
393 439 409 460 ι
436 420 516 464 Hic
533 421 627 479 plus
642 421 757 479 quod
779 420 1037 478 adjiceretur
1060 422 1280 467 inventum
1298 434 1378 477 est,
1402 440 1457 470 eo

89 493 204 558 quod
219 492 358 536 Verbo
372 491 450 535 Dei
470 491 611 535 innixa
629 493 890 535 ascenderet.
905 492 1185 537 Perfectiores
1202 497 1315 538 enim
1329 512 1456 556 supra

89 563 305 607 Christum
324 562 603 611 recumbunt,
623 563 733 606 sicut
754 571 797 605 et
811 562 999 606 Joannes
1024 564 1067 607 in
1098 564 1255 608 Christi
1282 576 1459 624 pectore

88 634 377 677 recumbebat.
406 633 471 676 lta
499 647 599 691 ergo
620 641 664 676 et
684 632 776 676 haec
800 634 869 676 vel
898 633 1177 677 incumbebat
1201 635 1243 677 in
1268 636 1455 687 Christo,

87 706 155 748 vel
173 720 297 763 supra
321 705 459 763 ipsum
481 719 525 746 se
547 703 798 752 reclinabat,
826 711 899 746 aut
922 712 1038 746 certe
1060 705 1260 762 quoniam
1284 707 1336 748 de
1352 722 1458 766 nup-

89 775 157 818 tiis
171 774 403 833 loquimur,
424 773 511 831 jam
534 774 653 832 quasi
675 773 829 816 tradita
856 774 899 816 in
921 773 1079 818 Christi
1100 775 1272 818 dextera
1299 775 1342 818 in
1360 777 1461 820 tha-

89 847 247 890 lamum
269 845 507 888 ducebatur
522 860 689 903 sponso.

146 915 340 959 LXXIII.
376 915 429 958 Et
450 914 547 972 quia
563 914 651 971 jam
673 915 826 973 copula
840 914 1058 958 charitatis
1076 924 1156 964 est,
1179 917 1398 960 blanditur
1418 918 1459 961 ei

90 1002 283 1047 sponsus,
295 994 338 1028 et
352 985 454 1028 dicit
470 1000 480 1027 :
497 1004 513 1024 α
524 985 614 1028 Sub
627 986 777 1028 arbore
789 986 888 1027 mali
896 987 1053 1028 elevavi
1066 995 1122 1035 te,
1138 987 1223 1029 illic
1233 989 1459 1045 parturivit

89 1067 162 1102 nte
183 1066 319 1101 mater
346 1066 439 1107 tua,
463 1055 548 1099 illic
576 1055 799 1114 parturivit
819 1064 862 1099 te
878 1071 972 1113 quae
991 1058 1157 1115 peperit
1178 1065 1220 1100 te
1237 1056 1272 1107 ⁸,
1296 1077 1313 1097 ι
1339 1060 1459 1102 Bona

92 1129 231 1172 anima
254 1115 348 1186 ⁸qua}
382 1127 610 1185 requiescit
642 1127 721 1169 sub
751 1126 902 1169 arbore
932 1127 1171 1181 fructuosa,
1202 1135 1246 1171 et
1274 1129 1461 1172 maxime

90 1200 193 1243 boni
208 1198 363 1242 odoris.
384 1199 492 1242 Nam
514 1198 547 1241 si
568 1197 804 1242 Nathanaisl
825 1198 979 1246 honus,
1004 1197 1047 1240 in
1069 1212 1154 1255 quo
1172 1198 1294 1240 dolus
1314 1200 1460 1242 nullus

61 1295 70 1300 -
90 1278 209 1319 erat,
232 1269 311 1312 sub
341 1268 491 1311 arbore
518 1266 588 1311 fici
618 1268 732 1311 visus
758 1276 844 1316 est,
867 1267 1015 1325 utique
1037 1268 1149 1310 bona
1171 1283 1264 1326 quae
1287 1269 1365 1311 sub
1389 1285 1459 1312 ar-

89 1340 195 1383 bore
215 1340 316 1383 mali
337 1340 496 1383 elevata
519 1346 583 1381 est
605 1353 627 1380 a
648 1353 800 1396 sponso
823 1353 913 1381 suo.
932 1338 1032 1381 Plus
1054 1346 1118 1381 est
1142 1338 1256 1380 enim
1279 1339 1457 1389 elevari,

92 1424 218 1466 qnam
239 1408 397 1458 videri;
422 1410 518 1466 plus
538 1407 664 1450 etiam
683 1423 705 1450 a
719 1423 874 1466 sponso
894 1407 1064 1451 elevari.
1089 1408 1196 1451 Nam
1208 1410 1286 1451 etsi
1303 1409 1462 1452 Natha-

93 1479 416 1523 nafflvidebatur
423 1479 501 1521 sub
510 1479 679 1528 arbore,
689 1487 830 1521 tamen
844 1479 983 1520 anima
992 1478 1086 1536 ejus
1098 1494 1248 1537 sponsa
1257 1495 1340 1521 non
1348 1488 1457 1529 erat,

93 1550 166 1608 qui
181 1550 349 1593 occulte
364 1550 559 1592 veniebat
574 1550 628 1592 ad
644 1548 878 1598 Christum,
905 1549 1003 1606 quia
1025 1550 1251 1591 verebatur
1265 1549 1292 1591 J
1297 1551 1453 1594 udaeos.

93 1619 188 1664 Non
214 1627 307 1662 erat
334 1619 522 1678 speciosa
554 1619 663 1661 sicut
692 1620 817 1668 luna,
840 1620 976 1661 electa
1000 1627 1048 1661 ut
1070 1620 1155 1667 sol,
1179 1634 1272 1677 quae
1292 1628 1383 1662 erat
1415 1620 1460 1662 in

92 1690 281 1739 umbra‚'
296 1689 394 1747 quia
420 1704 571 1748 sponsa
606 1704 683 1747 per
707 1688 821 1731 diem
842 1689 986 1738 nubit,
1014 1688 1184 1747 publice
1208 1689 1452 1733 confitetur.

94 1761 195 1804 Ideo
212 1760 289 1803 ista
306 1760 383 1803 sub
402 1760 552 1802 arbore
567 1759 684 1808 mali,
699 1759 770 1802 illa
785 1759 864 1802 sub
883 1758 996 1808 ficu3
1011 1759 1107 1816 quia
1124 1758 1217 1802 haec
1237 1760 1462 1803 confessio-

94 1830 160 1874 nis
188 1846 273 1874 suae
291 1832 475 1886 priorem
497 1829 761 1892 diffundebat
780 1829 948 1888 longius
971 1829 1040 1872 issa
1062 1828 1248 1872 hahebat
1264 1830 1462 1888 puritatis

96 1909 139 1944 et
155 1901 409 1945 innocentiae
423 1901 672 1944 suavitatem
689 1898 955 1958 flagrantiam
974 1899 1146 1958 spiritus
1156 1915 1241 1942 non
1254 1899 1454 1944 habebat.

153 1970 348 2016 LXXIV.
390 1989 407 2011 ι
428 1971 519 2013 Illic
540 2003 552 2020 ,
575 1970 737 2026 inquit,
760 1969 984 2028 parturivit
1015 1977 1057 2012 te
1085 1978 1224 2012 mater
1249 1977 1320 2012 tua
1335 2003 1346 2018 ‚
1372 1970 1461 2014 illic

95 2041 348 2102 »parturivit
368 2049 411 2085 te
425 2055 518 2098 quae
536 2039 701 2098 peperit
721 2048 786 2088 te3
804 2057 821 2078 ι
849 2039 907 2082 ibi
924 2039 1037 2082 enim
1053 2039 1283 2088 nascimur,
1306 2040 1380 2082 ubi
1397 2056 1462 2083 re-

96 2112 324 2155 nascimur.
360 2109 659 2154 Parturiuntur
693 2116 834 2151 autem
862 2108 906 2151 in
941 2108 1096 2166 quibus
1127 2107 1284 2151 Christi
1320 2110 1460 2168 imago

96 2182 316 2225 formatur.
338 2180 458 2223 Unde
474 2187 517 2222 et
535 2179 605 2222 ille
620 2178 679 2221 ait
697 2193 708 2220 :
734 2196 750 2218 ι
765 2177 904 2221 Filioli
925 2177 1011 2220 mei
1031 2192 1138 2235 quos
1154 2192 1232 2235 ego
1246 2179 1460 2235 parturio,

97 2271 115 2292 ι
129 2253 264 2295 donec
284 2238 489 2294 formetur
516 2249 709 2293 Christus
730 2248 775 2290 in
799 2248 918 2291 vobis
940 2247 970 2291 ⁴.
1002 2266 1018 2287 »
1044 2247 1231 2291 Parturit
1253 2248 1368 2290 onim
1385 2249 1460 2306 qui

97 2324 142 2367 in
158 2331 280 2366 utero
302 2321 455 2380 accipit
474 2319 676 2378 Spiritum
692 2318 853 2368 salutis,
880 2326 924 2361 et
943 2317 1033 2362 aliis
1053 2318 1250 2361 infundit.

155 2389 332 2438 LXXV.
369 2391 490 2435 Unde
510 2389 710 2448 quoniam
725 2389 814 2447 jam
831 2388 1035 2431 formatus
1055 2388 1098 2431 in
1114 2387 1196 2431 hae
1210 2395 1301 2430 erat
1320 2387 1463 2431 Chris-

101 2474 194 2515 tus,
219 2464 277 2507 ait
295 2479 306 2504 z
339 2481 357 2503 ι
376 2462 492 2506 Pone
513 2476 583 2504 me
593 2450 647 2504 'ut
661 2460 925 2520 signaculum
946 2458 991 2501 in
1012 2473 1088 2502 cor
1111 2466 1257 2508 tuum,
1281 2466 1330 2502 ut
1352 2459 1464 2518 sigil-
1503 2507 1512 2511 ,

149 2562 160 2580 ·
180 2557 273 2590 cant.
290 2564 365 2597 vin,
381 2554 414 2592 5.
430 2571 472 2580 -
487 2563 500 2580 ²
518 2552 572 2589 101.
588 2563 635 2607 γε,
648 2563 682 2598 9·
694 2570 735 2580 -
748 2553 765 2579 ³
777 2551 834 2589 xd.
853 2562 929 2591 vui,
942 2552 1028 2586 5.-
1043 2552 1058 2582 4
1075 2550 1183 2586 Galat.
1200 2560 1247 2592 tv,
1267 2561 1321 2594 ¹9·

680 2666 700 2681 ἱ
