1780 3120
320 277 403 339 374
817 264 819 267 ’
865 290 896 318 s.
939 287 1145 318 munosst

319 369 525 428 autquasi
548 367 673 428 piscis
697 368 770 426 qui
793 368 954 410 fuscina
975 367 1101 410 suerit
1120 364 1296 416 infixus,
1319 378 1592 423 quocumque
1614 359 1685 419 fu·-

320 442 452 501 gerit,
476 441 627 483 vulnus
654 438 780 481 vehit.
810 437 861 480 Et
880 454 974 480 vere
997 437 1121 496 piscis
1143 436 1211 479 illc
1234 435 1275 478 in
1297 450 1391 478 esca
1410 442 1593 478 mortem
1616 435 1686 478 de-

320 520 462 562 vorat,
488 511 556 554 ille
583 510 757 553 hamum
780 509 925 568 glutit,
961 510 1061 551 dum
1091 508 1235 550 cibum
1257 505 1426 564 quaerit3
1447 507 1522 549 sed
1542 513 1687 549 tamen

322 583 498 627 hamum
522 596 608 623 non
634 580 763 629 vidit,
789 595 917 637 quem
937 579 1042 638 tegit
1064 579 1207 638 proeda
1229 593 1239 620 z
1259 585 1307 620 tu
1326 576 1501 620 hamum
1524 575 1686 626 cernis,

324 661 367 697 et
387 652 524 712 glutis.
552 652 712 694 Hamus
729 659 827 693 tuus
844 651 981 693 foenus
1002 659 1066 694 est
1081 648 1302 693 creditoris
1323 663 1333 691 z
1357 647 1531 690 hamum
1547 661 1688 698 voras,

326 725 402 767 sed
425 723 579 766 vermis
600 730 641 765 te
668 737 834 780 semper
857 720 1043 764 obrodit.
1075 720 1170 779 Ipsa
1191 726 1254 762 est
1277 733 1374 762 esca
1395 733 1489 776 quae
1511 717 1685 776 decipit.

324 795 473 852 Itaque
489 801 531 836 et
553 792 628 835 tibi
651 792 821 841 foenoris
833 807 912 835 nec
931 792 1051 835 cibus
1067 790 1161 834 usui
1177 799 1240 834 est
1253 823 1264 839 ‚
1282 797 1325 833 et
1339 789 1493 833 hamus
1509 785 1686 842 vulneri.

324 864 421 909 An
411 879 577 922 ignoras
595 863 691 921 quia
718 864 851 906 semel
874 863 941 906 illa
966 871 1143 921 queatus
1167 863 1306 911 nodo,
1329 876 1373 904 se
1394 859 1551 919 magis,
1575 859 1609 903 si
1625 858 1695 902 su-

327 935 432 994 giat,
449 935 535 993 ipse
554 934 824 993 constringit3
850 943 892 977 et
913 934 1021 977 intra
1043 934 1146 977 retia
1163 934 1325 993 positus
1339 932 1399 976 su
1387 931 1541 991 tgiendo
1561 929 1693 994 magis

328 1006 473 1065 dejicit
493 1022 619 1064 super
638 1021 682 1049 se
704 1005 838 1048 letia?
858 1007 906 1048 Iu
930 1007 1089 1064 plateas
1111 1005 1196 1064 sug'
1171 1021 1244 1053 15,
1265 1019 1363 1047 cum
1386 1002 1494 1046 intra
1511 1000 1692 1062 parietes

328 1087 446 1122 tutus
467 1094 558 1121 esse
580 1093 663 1120 nou
687 1078 832 1136 possis.
859 1078 1051 1121 Inveniet
1073 1086 1114 1120 te
1130 1092 1229 1120 cnm
1252 1075 1432 1127 voluerit
1447 1068 1687 1128 foenerator.

328 1148 523 1206 Denique
549 1149 623 1191 ubi
645 1157 812 1207 tempus
833 1148 1072 1207 impleveris
1086 1181 1096 1197 ‚
1122 1148 1232 1191 sicut
1255 1149 1382 1207 lupus
1403 1155 1530 1197 nocte
1550 1142 1693 1196 irruit,

333 1220 519 1272 dormire
542 1235 627 1276 non
649 1220 773 1270 sinit,
800 1228 1021 1278 expectato
1045 1219 1112 1262 die
1135 1221 1187 1262 ad
1207 1220 1428 1283 publicum
1449 1217 1601 1267 trahit,
1625 1224 1699 1265 aut

332 1291 487 1334 tabulis
518 1291 771 1334 venditionis
799 1291 911 1350 cogit
944 1291 1223 1334 subscribere.
1261 1292 1316 1334 Ut
1345 1289 1495 1336 fureris
1523 1286 1705 1348 pudoris„

335 1360 631 1419 dispendium,
670 1361 901 1404 subscribis
933 1362 1068 1411 illico,
1101 1361 1350 1410 venditurus
1376 1360 1534 1412 avitum
1557 1359 1702 1425 sepul*

337 1447 484 1484 crum,
516 1440 702 1490 paternae
727 1448 827 1475 sane
855 1441 902 1475 ut
930 1442 1185 1495 praetexatur
1215 1433 1374 1491 aliquid
1400 1429 1698 1478 verecundiae:

335 1503 492 1546 emitur
507 1497 700 1561 jejunum
719 1505 854 1546 solum
869 1537 880 1554 ,
904 1504 1088 1562 jactatur
1110 1506 1224 1565 quod
1245 1503 1489 1551 infoecunda
1507 1500 1706 1556 vendidef

337 1573 415 1624 rit,
443 1573 671 1632 dispendiis
693 1575 931 1618 oneraverit
947 1575 1183 1622 debitorem
1196 1608 1207 1625 ‚
1226 1583 1269 1618 et
1289 1573 1518 1635 superioris
1537 1578 1705 1633 tempo-

338 1645 395 1696 ris
431 1646 701 1688 ascribuntur
732 1645 962 1704 dispendiis
994 1648 1144 1689 damna
1175 1645 1407 1708 praesentis.
1426 1644 1524 1690 Mox
1543 1644 1706 1705 etrlaur

341 1717 436 1759 data
464 1717 730 1765 venduntur,
764 1725 806 1759 et
826 1717 1067 1760 inseruntur
1086 1718 1173 1776 jam
1195 1733 1281 1761 non
1302 1717 1607 1775 instrumenta,
1633 1714 1709 1769 sed

340 1785 521 1828 vincula.

401 1855 579 1899 XXVII.
607 1857 767 1900 Tamen
784 1857 922 1901 adhuc
947 1860 1162 1918 quaereudi
1179 1859 1465 1916 fidejussores.
1490 1858 1711 1911 Tribuun-

344 1933 416 1968 tur
436 1926 617 1969 iuduciae
634 1943 719 1970 nou
738 1936 784 1970 ut
801 1930 986 1986 praedam
1005 1929 1212 1973 libertatis
1233 1930 1439 1981 inveniat,
1460 1929 1534 1977 sed
1549 1938 1597 1973 ut
1613 1944 1712 1973 con-

346 2005 502 2040 sortem
534 1998 744 2041 servitutis
776 1999 1002 2059 adjungat,
1035 2001 1107 2060 qui
1136 2017 1180 2044 se
1215 2001 1347 2047 societ
1368 2016 1623 2053 aerumnoso.
1657 2000 1714 2057 At

345 2068 448 2125 quid
464 2067 609 2125 juvare
625 2077 761 2128 potest
775 2070 917 2113 alienae
930 2072 1179 2115 calamitatis
1195 2072 1379 2115 accessio
1390 2071 1410 2115 P
1421 2071 1518 2125 Jam
1532 2079 1576 2115 et
1587 2059 1713 2130 amici

343 2138 531 2196 fugiunt,
551 2141 735 2183 convivae
754 2157 838 2183 non
856 2151 1168 2200 recognoscunt
1187 2159 1196 2184 τ
1217 2143 1306 2203 ipse
1321 2157 1493 2202 quoque
1512 2131 1715 2209 conspec-

348 2217 416 2251 tus
432 2210 623 2252 omnium
637 2211 803 2270 refugit,
823 2220 866 2255 et
882 2220 927 2255 ut
946 2213 1062 2278 pugil
1077 2214 1186 2257 ictus
1203 2213 1339 2268 varios
1355 2208 1712 2264 concertantium,

350 2280 406 2322 ita
447 2281 525 2324 iste
552 2281 828 2326 honestorum
862 2284 965 2327 vitat
991 2299 1219 2335 occursus,
1253 2293 1296 2328 et
1323 2284 1553 2334 sollicitus,
1578 2280 1684 2345 ubi
1671 2299 1716 2340 ¹¹¹.

353 2351 534 2408 aliquem
558 2351 803 2404 offenderit,
827 2355 1014 2414 vigilanti
1036 2355 1122 2398 exit
1143 2356 1309 2399 obtutu.
1333 2341 1460 2399 Redit
1474 2362 1646 2422 paratus
1662 2349 1718 2403 ad

352 2421 545 2472 vincula,
563 2424 673 2467 redit
688 2434 869 2469 mortem
892 2434 1041 2489 optans
1055 2460 1067 2477 ,
1087 2426 1276 2486 cogitans
1297 2441 1391 2470 cam
1410 2425 1515 2476 sibi,
1533 2425 1567 2481 si
1583 2440 1720 2477 more-

352 2502 485 2544 retur,
510 2494 696 2552 quietem
714 2496 881 2541 inferre.
900 2498 1026 2542 Redit
1047 2497 1199 2541 misere
1225 2493 1269 2541 se
1291 2496 1380 2559 ipse
1401 2499 1716 2553 condemnans,

349 2566 465 2622 quod
490 2567 668 2609 alienam
691 2569 919 2626 pecuniam
949 2585 1034 2613 non
1065 2569 1290 2628 refugerit,
1323 2578 1367 2613 et
1388 2567 1652 2613 soeneratoris
1674 2579 1719 2614 se

355 2651 438 2678 aere
456 2637 702 2682 devinxerit.
