1780 3120
264 252 286 292 5
294 249 347 300 48
648 300 651 303 ι
875 254 1012 283 mnax.

304 339 358 372 sed
374 337 501 371 hisillas
515 335 611 377 longe
625 332 768 376 superari
783 343 792 370 ;
808 331 897 381 quod
924 336 1108 364 sanctorum
1125 332 1315 367 inductione
1326 335 1517 380 comproba·

305 400 377 427 tur:
391 390 495 424 David
509 399 544 422 ac
559 388 577 420 J
582 387 716 421 acobum
731 397 790 429 pro
800 385 918 419 nostris
928 384 1172 420 infirmitatibus
1183 388 1420 432 interpellasse,
1434 391 1535 424 unde·
1554 408 1556 411 v

304 447 397 489 hujus
417 443 525 488 operis
539 447 776 485 argumentum.

261 504 372 535 Gn-ur
385 499 437 533 11.
458 497 629 541 Quomodo
643 495 757 529 beatus
772 495 792 527 J
796 495 839 528 ob
853 517 863 534 ,
892 494 1018 528 amissis
1047 494 1199 529 omnibus
1213 502 1335 539 praeter
1359 509 1492 533 uxorem
1505 524 1515 541 ‚

304 560 456 595 tanquam
479 551 583 583 bonus
598 547 718 582 athleta
745 545 1044 590 perturbationibus
1060 557 1124 579 non
1148 547 1304 587 cesserit,
1321 556 1382 582 nec
1395 556 1520 585 certare

305 610 505 639 recusaverll·

260 662 372 693 CAPUT
386 659 453 691 111.
468 658 518 690 De
530 656 644 689 misera
658 653 844 688 conditione
859 654 999 687 hominis
1015 677 1025 695 ,
1043 654 1097 698 qui
1118 654 1263 698 quotidie
1278 656 1338 689 sub
1350 656 1524 694 formidine
1555 680 1559 693 ,

1561 448 1626 488 ω
1673 436 1675 439 ’

1564 607 1627 645 415
1666 628 1671 631 ,

303 721 372 753 esu
399 722 560 758 quamque
575 711 672 745 stulte
697 709 817 752 cogitet
841 715 970 753 peccata
995 719 1051 742 sua
1073 709 1136 742 Dei
1159 709 1380 754 cognitionem
1410 713 1524 748 saltet-e
1554 730 1565 737 *-

304 780 418 814 posse:
435 767 514 802 item
529 776 626 810 quam
649 763 801 797 miserum
818 764 852 796 in
878 764 997 797 lectulo
1014 763 1108 798 nobis
1123 764 1165 798 ad
1183 766 1327 809 quietem
1340 766 1423 802 dato
1432 769 1523 803 solli-

304 821 447 856 citudine
462 818 575 862 agitari
588 840 598 858 ‚
608 822 719 861 ‘atque
735 827 775 849 ex
789 816 904 850 eodem
921 827 1038 850 vacuos
1061 827 1098 850 ac
1126 817 1232 851 nudos
1246 827 1425 863 exurgere,
1449 831 1522 865 quae

303 875 479 910 vitaeistius
494 875 599 916 imago
616 877 673 905 est.

238 934 241 935 ⁷
263 934 371 965 CArur
404 929 465 962 tv.
495 925 670 971 Quomodo
707 925 801 958 amici
826 925 847 957 J
849 925 892 958 ob
917 925 958 959 ad
985 927 1220 961 consolandum
1255 939 1330 963 eum
1360 929 1526 965 venientes

304 986 372 1028 ejus
387 985 532 1017 dolorem
542 980 787 1015 acerbaverint:
803 986 836 1014 et
862 990 959 1024 quam
974 981 1142 1024 magnifiee
1165 982 1252 1016 idem
1267 986 1402 1018 senserit
1415 983 1457 1019 de
1469 983 1524 1017 di-

249 1064 254 1072 ,
305 1040 378 1072 vina
395 1041 552 1081 potestate
562 1058 573 1076 ‚
589 1045 626 1068 ac
638 1034 871 1077 redemptionis
884 1035 1036 1079 mysteria
1051 1036 1277 1080 designaverit.

1567 876 1631 915 416

1568 1039 1630 1078 418

262 1096 372 1126 Gne-r
384 1093 426 1126 V.
445 1092 550 1124 Deum
564 1089 675 1123 secisse
688 1094 813 1122 montes
827 1088 1061 1123 inveterascere
1071 1113 1083 1131 ‚
1102 1090 1136 1124 id
1149 1097 1198 1126 est
1211 1114 1222 1131 ,
1238 1092 1383 1126 litteram
1399 1093 1527 1127 Veteris
1564 1124 1565 1127 ,

304 1146 503 1181 Testamenti
528 1145 560 1178 in
587 1144 765 1188 spiritalem
781 1154 908 1177 sensum
932 1145 1152 1179 convertisse:
1171 1147 1191 1180 J
1197 1146 1320 1185 udaeos,
1341 1147 1430 1192 quod
1443 1147 1525 1181 illud

305 1194 540 1246 ignoraverint,
551 1198 748 1233 excusabiles
763 1209 827 1231 non
845 1209 914 1232 esse
929 1199 972 1232 ob
990 1200 1135 1243 prodigia
1146 1223 1157 1240 ,
1167 1211 1240 1246 quae
1248 1202 1370 1236 Christi
1382 1207 1521 1236 mortem

303 1261 379 1289 sunt
392 1254 561 1293 comitatam
578 1253 633 1286 sed
659 1253 797 1286 maxime
820 1252 863 1284 ob
891 1253 965 1286 solis
992 1253 1207 1288 desectionem
1224 1266 1299 1300 quae
1314 1255 1517 1291 describitur.

279 1331 283 1334 -
307 1311 499 1352 'sanguntur
513 1309 575 1341 alia
603 1307 749 1350 quaedam
775 1306 898 1340 Christi
912 1317 1033 1350 opera,
1052 1313 1086 1341 et
1105 1308 1269 1353 praecipue
1291 1309 1469 1344 ambulatio
1488 1309 1521 1343 in

305 1365 385 1397 mari
398 1387 408 1404 ,
424 1363 479 1397 ubi
497 1363 537 1396 de
548 1361 744 1396 titubatione
757 1361 867 1401 Petri,
885 1371 922 1394 ac
938 1361 980 1395 de
995 1363 1201 1396 conterendis
1216 1363 1354 1399 navibus
1370 1363 1521 1405 Tharsis,

307 1420 422 1464 quibus
437 1429 573 1461 corpora
589 1422 698 1450 nostra
714 1416 936 1459 designantur.

262 1477 373 1510 Cim
388 1475 446 1508 VI.
465 1475 574 1506 Verba
601 1472 667 1505 Job
680 1496 688 1509 ,
712 1472 830 1515 quibus
844 1471 1002 1505 humanas
1028 1472 1231 1507 infirmitates
1253 1473 1383 1516 aperit,
1403 1484 1523 1518 expcn-

306 1531 436 1563 duntur.
460 1526 742 1569 Quemadmodum
759 1526 818 1559 Vir
833 1532 960 1560 sanctus
976 1533 1143 1570 peccatum
1156 1538 1248 1561 suum
1266 1539 1333 1561 non
1344 1527 1528 1571 negaveritz

307 1583 424 1626 quidve
439 1583 527 1616 inter
542 1592 675 1626 peccare
701 1586 735 1614 et
749 1580 850 1624 impie
865 1591 959 1624 agere
975 1582 1015 1615 sit
1031 1582 1251 1617 disci-minist
1277 1581 1395 1626 quihus
1419 1582 1527 1616 verbis

304 1637 467 1671 hominem
497 1636 596 1680 [apud
634 1637 739 1668 Deum
776 1641 913 1669 conetur
948 1646 1099 1670 excusare
1113 1648 1122 1669 ε
1162 1643 1328 1681 postremo
1362 1636 1529 1672 confitenti

306 1692 435 1725 veniam
453 1690 598 1734 promitti
613 1714 622 1731 ,
639 1701 675 1723 ac
684 1689 806 1734 justum
828 1689 1015 1734 iniquitates
1030 1702 1101 1724 suas
1125 1702 1298 1735 agnoscere
1314 1692 1510 1727 ostenditur.

1571 1420 1634 1458 420

1569 1692 1632 1731 424

264 1747 384 1782 Cnur.
403 1746 484 1780 VII.
515 1745 671 1779 Omnium
691 1750 823 1778 aetatum
838 1744 977 1778 maxime
1002 1745 1161 1779 lubricam
1177 1747 1451 1786 adolescentiam5
1469 1757 1528 1781 uos
1575 1775 1577 1777 .

305 1811 417 1833 eorum
433 1800 531 1833 etiam
554 1803 779 1842 peccatorum,
798 1809 871 1842 quae
894 1798 996 1832 vitare
1012 1800 1254 1843 nequiverimus
1265 1825 1273 1838 .
1289 1801 1530 1835 rationem-esse

309 1854 489 1888 reddituros
507 1866 515 1886 :
531 1863 689 1887 aerumnas
709 1859 833 1886 nostras
861 1853 958 1887 maris
970 1865 1007 1887 ae
1022 1860 1117 1889 terrae
1129 1855 1343 1889 incommodis
1355 1866 1422 1889 non
1445 1855 1525 1897 'satis
1542 1886 1544 1889 .

307 1909 458 1953 exprimi:
476 1908 592 1957 coelum
610 1918 646 1940 ac
662 1913 783 1941 terram
806 1908 989 1941 innovanda
1013 1920 1080 1942 esse
1092 1930 1102 1946 ,
1114 1921 1175 1944 nec
1195 1910 1338 1944 futuram
1358 1906 1530 1949 resurreew⁷
1541 1914 1578 1942 π’,

307 1965 427 1998 tionem
441 1969 516 1996 ante
532 1963 707 1996 adventum
724 1962 792 2004 ejus
803 1985 813 2002 ‚
831 1962 887 2006 qui
913 1973 995 1995 nova
1007 1964 1114 1996 omnia
1127 1965 1169 1999 sit
1183 1965 1336 1999 facturus.

263 2021 372 2052 Cnu'r
384 2018 486 2050 VIII.
506 2017 678 2058 Quomodo
693 2017 806 2051 beatus
819 2017 838 2049 J
844 2017 885 2049 ob
898 2019 1171 2052 resurrectionem
1180 2025 1281 2062 atque
1294 2022 1377 2054 iram
1389 2020 1521 2054 Domini

308 2074 341 2106 in
358 2072 634 2106 consummatione
651 2072 790 2104 suturam
805 2071 1052 2114 significaverit:
1075 2079 1107 2107 et
1128 2085 1225 2118 quam
1241 2074 1472 2109 desideraverit
1484 2086 1524 2108 ex

307 2129 365 2161 hac
377 2127 443 2160 vita
458 2151 466 2164 ,
481 2126 535 2158 ubi
550 2124 683 2168 perfidia
701 2125 886 2159 dominatur
898 2148 909 2167 ,
927 2127 1083 2160 evolare?

264 2182 372 2214 Caro-r
380 2181 442 2213 lx.
463 2178 761 2222 Reprehenduntur
771 2179 809 2219 ii,
822 2179 876 2223 qui
890 2180 1045 2214 curiosius
1053 2182 1220 2225 sapientiae
1234 2181 1330 2228 adyta
1344 2182 1457 2217 rimari
1466 2185 1523 2217 'au-

308 2234 386 2268 dent
400 2245 409 2267 t
424 2245 493 2267 eam
508 2244 614 2276 neque
630 2233 663 2266 in
680 2233 793 2278 abysso
805 2259 814 2272 ,
833 2245 939 2278 neque
956 2234 989 2267 in
1006 2235 1087 2269 mari
1098 2237 1305 2280 quaerendam
1319 2249 1403 2277 esse,
1414 2243 1447 2272 et
1460 2249 1523 2282 qua

307 2300 398 2322 causa
414 2300 422 2326 ;
441 2288 580 2332 denique
595 2287 737 2331 ejusdem
760 2288 979 2332 cognitionem
999 2290 1056 2323 soli
1074 2291 1165 2331 Deo,
1189 2297 1221 2325 et
1247 2292 1364 2334 quibus
1386 2302 1457 2326 eam
1472 2292 1525 2326 ille

307 2342 517 2381 revelaverit,
539 2347 659 2385 patere.

841 2410 980 2443 LlBER
1004 2411 1054 2443 ΙΙ.
1133 2446 1136 2451 ,

700 2516 741 2537 DE·
756 2516 1065 2539 INTERPELLATIONE
1084 2517 1192 2540 DAVID.

265 2606 374 2638 Ctrur
391 2607 416 2638 1.
432 2607 504 2640 Post
519 2607 697 2642 absolutam
715 2609 991 2642 vehementiorem
1007 2609 1302 2653 interpellationem
1331 2610 1395 2644 Job
1418 2610 1522 2655 sequi-

1565 2347 1622 2379 ⁴31
