1780 3120
345 247 428 292 188
889 257 921 286 s.
960 256 1156 286 annnosu

339 339 454 398 piam
479 334 814 395 germanitatem.
847 334 954 386 Quae
976 333 1037 376 vis
1065 332 1264 376 adhibeto
1292 334 1706 394 supplicia„quibus

339 409 472 466 magis
488 421 639 464 urgens
652 404 733 448 hoc
754 402 949 463 proficias
965 403 1191 462 asperitate
1212 419 1435 466 poenarum
1449 437 1462 455 ,
1482 412 1530 448 ut
1539 406 1707 469 majora

340 478 580 523 testimonia
615 485 773 520 nostrae
805 474 1096 535 germanitatis
1115 474 1310 533 accipias.
1337 474 1363 518 J
1369 475 1472 519 ussit
1497 476 1643 539 itaque
1665 476 1712 521 ef

338 550 524 607 linguam
556 545 808 606 amputari&
830 545 916 588 »At
938 545 1008 588 ille
1037 547 1316 588 exclamans.
1333 563 1350 586 «
1373 546 1522 590 Victus
1548 563 1617 598 es,
1641 547 1711 591 in-

339 620 452 677 quit,
485 618 719 668 Antioche,
743 616 815 675 qui
838 631 1045 675 organum
1072 615 1187 659 vocis
1209 616 1400 676 abscindi
1422 605 1560 675 jubes.
1588 618 1709 662 Con·-

337 688 469 733 fcssus
486 705 530 733 es
545 697 586 732 te
608 689 864 747 respondere
887 701 972 729 non
991 701 1114 746 posse
1136 686 1314 737 rationi,
1339 687 1588 749 majoraque
1603 704 1715 748 pro-

339 760 416 804 bas
436 762 588 819 linguae
618 766 772 802 nostrae
801 758 995 816 flagella,
1020 772 1147 815 quam
1166 765 1238 800 tua
1260 759 1448 803 verbera.
1482 759 1569 812 Nos
1591 758 1713 805 enim

336 838 407 874 tua
419 832 594 874 verbera
610 845 696 873 non
714 829 937 878 timemus,
953 836 1002 874 tu
1015 837 1169 872 nostrae
1187 829 1301 872 vocis
1311 829 1475 888 flagella
1489 846 1576 877 non
1586 839 1709 890 potes

335 901 566 944 sustinere·
592 902 666 943 sed
686 897 777 944 haec
796 888 963 959 pietatis
978 898 1144 958 flagella
1158 908 1275 950 sunt,
1302 908 1374 943 tua
1369 865 1503 961 tissa&
1491 902 1560 945 lla
1582 900 1713 960 perfi-

337 969 444 1013 diae·
470 970 543 1013 sed
563 970 689 1013 etiam
709 971 852 1029 lingua
877 935 1062 1014 sublatae
1065 971 1231 1030 gravius
1249 979 1290 1014 te
1313 986 1389 1014 suo
1409 973 1578 1018 cadens
1587 987 1713 1016 mur-

335 1056 458 1085 mure
487 1042 727 1101 flagellabit,
766 1043 956 1086 Evadere
984 1050 1026 1086 te
1052 1051 1200 1102 putas,
1235 1043 1474 1093 Antioche,
1503 1043 1536 1087 si
1558 1058 1713 1089 vocem

336 1112 528 1170 eripias?
564 1113 616 1156 Et
651 1120 839 1165 tacentes
859 1114 974 1157 Deus
1011 1113 1154 1164 audit,
1183 1121 1226 1156 et
1257 1113 1390 1172 magis
1420 1113 1556 1156 audit.
1594 1113 1712 1158 Ecce

338 1183 481 1241 aperui
497 1198 541 1225 os
557 1198 723 1233 meum,
743 1185 879 1228 laxavi
890 1184 1078 1243 linguam
1096 1200 1236 1229 meam
1252 1218 1264 1235 ,
1280 1184 1484 1242 abscinde
1495 1185 1686 1244 linguam
1697 1200 1715 1227 ι

337 1254 410 1295 sed
442 1268 525 1295 non
559 1253 782 1315 abscindes
819 1255 1130 1305 constantiam,
1175 1271 1261 1298 non
1283 1255 1484 1298 virtutem
1521 1251 1721 1305 auseres,¹

338 1337 423 1365 non
444 1323 650 1368 rationem
673 1325 919 1368 obliterabis
933 1358 944 1375 ,
969 1341 1054 1369 non
1066 1326 1219 1386 eripies
1240 1326 1535 1375 testimonium
1554 1327 1717 1371 verita-

338 1391 412 1443 tis,
448 1409 533 1437 non
555 1395 707 1453 eripies
733 1397 874 1440 cordis
903 1398 1148 1440 clamorem.
1189 1397 1233 1440 Si
1263 1397 1407 1457 lingua
1437 1406 1717 1457 amputetur,

344 1464 509 1522 sanguis
545 1466 770 1518 clamabit,
790 1476 834 1510 et
860 1468 1028 1512 dicetur
1048 1457 1125 1512 tibi
1146 1484 1155 1512 ε
1173 1487 1189 1509 α
1213 1468 1306 1513 Vox
1331 1469 1545 1529 sanguinis
1574 1468 1717 1513 fratris

342 1535 434 1578 »tui
469 1537 625 1581 clamat
651 1538 704 1581 ad
726 1538 811 1582 te2.
840 1539 1003 1583 »Audit
1025 1540 1140 1587 enim
1166 1540 1381 1599 sanguinis
1422 1555 1572 1601 vocem
1584 1548 1607 1592 ,θ
1641 1539 1721 1600 qui

346 1605 462 1648 audit
482 1606 668 1651 internas
695 1609 975 1668 cogitationes
989 1644 1002 1662 ,
1025 1611 1212 1654 tenebrae
1231 1611 1332 1660 licet
1350 1610 1567 1671 operiant,
1587 1618 1630 1653 et
1645 1624 1721 1669 pa-

349 1674 503 1719 rietum
525 1687 640 1737 septa
664 1679 947 1726 circumdent.
975 1682 1143 1725 Dicat
1131 1683 1310 1741 impius,
1347 1682 1446 1740 quia
1468 1683 1611 1726 nullus
1635 1679 1719 1724 sibi

349 1747 467 1790 testis
489 1750 674 1795 assistat:
701 1754 893 1812 explorat
917 1754 1138 1803 universa,
1160 1754 1276 1798 videt
1301 1752 1442 1796 omnia
1471 1753 1611 1802 Deus;
1632 1758 1721 1794 hee

349 1825 412 1860 est
434 1819 603 1877 aliquod
631 1822 794 1867 facinus
822 1825 937 1883 quod
957 1825 1089 1884 possit
1110 1826 1242 1868 latere
1277 1813 1470 1867 omnium
1491 1822 1721 1872 Judicem,

351 1888 450 1948 qui,
473 1894 690 1950 cognoscit
712 1895 927 1945 universa,
953 1905 1180 1954 antequam
1204 1894 1322 1939 fiant.
1353 1893 1471 1946 Quid
1490 1893 1620 1938 verba
1641 1893 1723 1935 da-

351 1973 446 2002 mus
469 1960 487 2003 ?
518 1961 779 2021 Loquaciora
805 1975 904 2011 sunt
932 1969 1138 2010 vulnera:
1162 1976 1206 2010 et
1234 1966 1268 2009 si
1291 1966 1479 2015 vulnera,
1504 1971 1721 2024 tegantur,

354 2037 398 2073 et
417 2031 450 2073 si
468 2031 751 2078 abscondatur
772 2037 974 2088 cicatrix,
998 2052 1083 2080 non
1108 2037 1384 2080 absconditur
1404 2034 1522 2080 fidos.
1553 2035 1641 2080 Nec
1662 2041 1724 2077 ta—

354 2113 453 2143 men
473 2103 647 2160 plaudas
670 2108 785 2163 quod
808 2108 1038 2151 auferendo
1061 2107 1275 2166 linguam,
1299 2106 1612 2150 consessionem
1633 2105 1729 2147 lau·-

356 2169 419 2212 dis
441 2173 605 2231 eripias.
637 2174 787 2218 Satis'
774 2193 861 2235 jam
894 2179 1032 2223 Deum
1057 2193 1253 2222 sermone
1279 2177 1569 2227 laudavimus,
1604 2188 1727 2218 nunc»

353 2253 549 2298 passione
564 2245 796 2291 laudemus
819 2267 836 2289 n

415 2309 564 2356 XLVI.
591 2315 644 2358 Et
657 2316 736 2360 hoc
758 2327 1001 2378 perempte,
1026 2318 1151 2377 jussit
1171 2327 1371 2376 quartum
1388 2311 1543 2361 vvinciri
1568 2315 1631 2372 „ad
1649 2327 1724 2358 ro-

355 2380 484 2432 tam³,
514 2392 560 2427 ut
586 2385 680 2443 ejus
701 2388 904 2447 vertigine
941 2389 1145 2434 membris
1172 2389 1373 2432 omnibus
1396 2389 1644 2432 solveretur.
1666 2383 1727 2434 At

356 2447 427 2505 ille
450 2466 546 2495 cum
569 2463 838 2514 torqueretur
858 2460 1101 2504 immaniter
1125 2476 1135 2502 :
1172 2459 1395 2510 Dissolvis,
1423 2456 1562 2516 inquit
1579 2488 1590 2509 ,
1620 2469 1724 2513 ¹cor-

356 2520 469 2578 poris
485 2525 699 2577 membra,
728 2531 802 2573 sed
823 2530 1017 2590 adjungis
1049 2531 1226 2590 gratiam
1250 2529 1459 2590 passioni,
1494 2542 1574 2573 nec
1596 2523 1732 2584 eripis.

402 2618 414 2635 ¹
435 2623 453 2645 2
468 2614 574 2651 Mach.
595 2626 654 2660 vn,
676 2630 726 2655 ιο.
741 2639 778 2648 -
796 2630 808 2645 ¹
824 2624 968 2672 Gom-w,
987 2635 1037 2658 ιο.
1050 2641 1092 2650 -
1109 2626 1124 2650 ³
1138 2635 1156 2659 a
1169 2623 1280 2658 Mach.
1296 2634 1356 2664 vn,
1377 2622 1427 2656 13.
