1780 3120
338 231 424 289 [396
880 240 911 267 3.
953 237 1142 268 Aamnosu

335 323 510 381 gilantes
526 351 537 368 ‚
561 319 612 361 de
633 317 785 375 quihus
815 316 922 363 bene
950 315 1168 358 dieitur1«
1195 315 1470 358 Dormierunt
1497 331 1693 362 somnum

334 413 351 435 »
365 407 488 436 suum
502 423 512 440 ‚
528 397 569 432 et
591 388 697 431 nihil
717 386 1008 430 invenerunt¹.
1026 404 1041 424 r»
1055 386 1222 428 Etenim
1257 401 1354 428 cum
1379 385 1527 429 animae
1548 402 1695 432 eorum

340 479 361 506 a
396 475 574 519 corpore
609 465 833 516 separatae,
865 465 1065 514 tanquam
1090 456 1264 498 resoluti
1287 471 1309 498 a
1341 456 1530 514 corporis
1549 472 1699 502 somno

338 533 444 578 nihil
466 529 703 578 invenient,
741 528 848 570 nihil
872 528 1100 577 tenebunt3
1134 534 1177 568 et
1202 527 1317 583 quod
1345 543 1389 570 se
1411 535 1552 571 tenere
1588 529 1701 573 arbi-

342 604 584 650 trahantur,
625 599 843 647 amittent;
876 597 1075 656 quoniam
1114 597 1267 639 stultus
1301 606 1344 643 et
1372 597 1570 656 insipiens
1603 615 1700 642 cum

344 666 497 717 divitiis
538 669 842 715 exundaverint
862 701 873 717 ,
912 667 1152 724 relinquent
1185 666 1329 708 alienis
1374 667 1538 711 divitias
1576 684 1671 712 suas
1688 702 1701 719 ,

345 759 483 802 neque
509 742 634 785 simul
659 741 712 783 ad
740 738 900 782 inferna
930 737 1160 781 descendet
1185 752 1283 780 cum
1306 736 1365 779 eis
1393 738 1522 796 gloria
1557 741 1706 784 domus

344 828 505 859 eorum.
1386 862 1393 864 „
1431 801 1440 813 ¹

402 882 560 929 XXIV.
588 881 815 939 Sequentia
839 895 1009 938 quoque
1032 881 1301 923 demonstant
1321 881 1538 938 quomodo
1559 880 1713 940 impius

348 972 430 1001 non
461 953 721 1001 inveniatur,
750 953 824 994 sed
847 952 1038 994 intereat.
1066 951 1279 1007 Quoniam
1316 942 1454 1011 imago
1475 951 1566 1010 ejus
1588 951 1632 995 in
1653 953 1713 996 ci-

347 1028 474 1071 vitate
493 1023 663 1068 Domini
681 1022 750 1065 illa
767 1021 983 1079 superiore
1003 1021 1267 1064 Hierusalem
1284 1037 1368 1064 non
1386 1022 1609 1066 invenitur.
1626 1022 1715 1066 Do-

345 1098 485 1141 minus
497 1094 610 1138 enim
627 1092 760 1152 pinxit
780 1108 855 1135 nos
874 1094 924 1135 ad
937 1092 1162 1151 imaginem
1178 1101 1222 1136 et
1244 1093 1562 1136 similitudinem
1573 1108 1714 1143 suam,

348 1169 459 1212 sicut
478 1167 565 1224 ipse
589 1164 712 1207 docet
734 1164 904 1206 dicens:
923 1182 937 1202 «
953 1163 1064 1206 Ecce
1087 1179 1186 1221 ego,
1203 1163 1440 1207 Jerusalem
1457 1194 1468 1213 ‚
1490 1164 1607 1223 pinxi
1625 1180 1716 1208 mu-

350 1260 366 1281 n
380 1255 448 1282 ros
467 1236 604 1280 tuos².
628 1255 643 1276 »
658 1235 700 1278 Si
721 1235 830 1276 bene
846 1235 1079 1292 egerimus,
1103 1243 1247 1277 manet
1273 1235 1315 1277 in
1338 1235 1460 1278 nobis
1484 1236 1560 1279 ista
1577 1235 1717 1294 imago

350 1308 550 1352 coelestis:
576 1306 607 1348 si
621 1307 729 1348 male
746 1305 837 1361 quis
861 1304 966 1362 agit,
993 1304 1159 1347 deletur
1180 1304 1221 1346 in
1234 1305 1305 1348 illo
1323 1305 1414 1348 haec
1435 1305 1717 1364 imago(illius

349 1380 495 1438 utique
518 1377 590 1435 qui
621 1376 838 1419 descendit
861 1377 913 1418 de
936 1377 1043 1418 coelo
1061 1377 1075 1434 )
1092 1383 1134 1418 et
1155 1384 1217 1418 est
1242 1376 1284 1418 in
1305 1391 1354 1419 eo
1384 1375 1523 1434 imago
1541 1376 1710 1419 terreni.

350 1451 470 1494 Unde
491 1456 534 1491 et
554 1446 780 1506 Apostolus
801 1445 901 1488 dicit
921 1462 930 1487 :
948 1464 962 1484 ι
986 1446 1105 1488 Sicut
1126 1446 1384 1505 portavimus
1417 1446 1649 1504 imaginem
1665 1445 1717 1489 il-

349 1542 365 1563 »
380 1521 459 1564 lius
473 1518 650 1568 terreni,
675 1526 891 1576 portemus
913 1525 955 1559 et
978 1517 1203 1576 imaginem
1222 1517 1347 1576 hujus
1367 1515 1591 1560 caelesfis'.
1609 1517 1717 1561 »Bo-

346 1606 502 1635 norum
520 1604 620 1648 ergo
651 1587 853 1646 imagines
879 1595 1174 1646 perseverant,
1211 1588 1314 1630 etin
1337 1587 1406 1630 illa
1442 1586 1520 1630 Dei
1547 1586 1717 1631 civitate

349 1662 630 1720 resplendent.
658 1658 701 1702 Si
723 1658 815 1716 quis
833 1667 973 1701 autem
996 1659 1046 1701 ad
1070 1658 1260 1716 graviora
1283 1665 1458 1717 peccata
1470 1657 1712 1708 deflexerit,

349 1747 430 1776 nec
450 1730 583 1790 egerit
602 1729 895 1789 poenitentiam
912 1762 923 1778 ,
939 1730 1078 1787 imago
1099 1730 1191 1787 ejus
1214 1730 1483 1773 aboleturvel
1499 1728 1712 1787 dejicitur:

349 1805 458 1847 sicut
473 1802 610 1846 Adam
628 1802 680 1844 de
697 1800 891 1858 paradiso
909 1800 1071 1858 ejectus
1083 1808 1145 1844 est
1157 1809 1198 1844 et
1214 1802 1423 1844 exclusus.
1443 1799 1714 1857 Quicumque

347 1882 488 1918 autem
505 1872 573 1932 pie
595 1871 854 1927 honesteque
879 1886 922 1913 se
938 1870 1136 1929 gesserit,
1163 1871 1292 1914 intrat
1313 1870 1355 1913 in
1378 1871 1591 1914 civitatem
1611 1869 1711 1920 Dei,

346 1954 389 1987 et
420 1942 544 1986 insert
579 1941 806 2000 imaginem
831 1956 975 1990 suam,
999 1949 1047 1983 ut
1071 1941 1113 1984 in
1146 1941 1215 1985 illa
1245 1941 1322 1985 Dei
1347 1940 1506 2000 fulgeat
1526 1939 1708 1984 civitate.

359 2034 375 2054 α
391 2013 590 2062 Domine,
620 2011 662 2054 in
696 2011 866 2054 civitate
891 2020 959 2054 tua
993 2012 1217 2071 imaginem
1241 2012 1428 2071 ipsorum
1456 2012 1508 2055 ad
1533 2011 1712 2055 nihilum

343 2084 577 2143 »rediges‘⁸;
603 2083 729 2140 »quia
756 2081 823 2125 isti
861 2082 902 2124 in
924 2082 1084 2125 lumine
1107 2083 1267 2142 fulgere
1302 2098 1387 2127 non
1416 2089 1615 2143 possunt,
1639 2081 1712 2140 qui

342 2153 575 2199 tenebrosis
603 2168 646 2196 se
668 2152 867 2211 operibus
888 2152 1131 2197 induerunt.
1161 2153 1415 2213 Exemplum
1445 2166 1712 2197 accersamus

346 2228 399 2269 de
421 2225 586 2269 saeculo.
619 2223 724 2267 Vide
757 2225 1118 2281 quemadmodum
1150 2223 1192 2266 in
1224 2225 1464 2269 civitatibus
1500 2224 1711 2267 bonorum

343 2294 799 2356 principumimagines
809 2303 1099 2352 perseverent,
1121 2294 1555 2354 deleanturimagines
1571 2301 1711 2352 tyran·
1742 2313 1746 2318 ·

345 2382 513 2412 norum.

389 2478 399 2495 ¹
422 2469 504 2503 Psal.
520 2479 613 2507 mxxv,
630 2469 706 2501 6.-
719 2468 823 2503 ¹lsa'1'.
843 2479 930 2513 nix,
950 2468 1047 2502 16.-
1063 2471 1076 2492 ³
1097 2469 1200 2502 1Cur.
1220 2479 1272 2505 xv,
1289 2470 1388 2511 ⁴9·-
1405 2468 1514 2503 ⁴Psal.
1539 2478 1640 2504 um.
1655 2479 1707 2502 20.
