1780 3120
382 263 465 307 238
919 268 950 300 s.
989 264 1183 300 Aunnosn

377 373 394 396 »
409 369 499 397 cem
516 350 704 407 relinquo
725 346 866 398 vohis,
890 363 1039 407 pacem
1062 362 1201 390 meam
1223 348 1278 390 ‹lo
1298 345 1438 389 vobis1
1458 346 1477 390 Ρ
1495 366 1512 388 »
1525 346 1605 392 Ubi
1619 346 1734 411 enim

375 439 455 482 pax
470 431 556 470 est,
580 419 796 471 iracundia
818 421 961 462 locum
979 433 1062 460 non
1079 417 1231 471 habet,
1253 417 1473 476 ablegatur
1494 419 1704 464 discordia
1718 453 1731 471 ,

372 495 540 551 sugatur
563 489 775 534 dissensio.
804 490 895 532 Hoc
926 497 988 531 est
1010 504 1084 546 erg
1087 503 1111 530 o
1138 490 1254 568 quod
1275 489 1361 531 ait.
1378 507 1394 529 α
1413 490 1567 545 Pacem
1588 499 1733 534 meam

372 581 388 602 n
404 564 456 605 do
474 558 611 610 vobis;
636 579 652 599 »
667 560 710 602 id
725 567 803 609 est,
820 577 835 598 α
851 558 1022 602 Nolite
1011 558 1137 600 irasci
1154 557 1196 600 in
1214 558 1333 601 via.»
1346 559 1399 601 Et
1417 559 1512 602 vide
1527 560 1580 603 nc
1595 560 1638 603 in
1653 561 1733 604 hac

371 633 436 674 via
460 632 594 680 dicat,
614 631 693 673 hoc
716 638 801 678 cst,
828 629 870 671 in
895 629 975 671 hoc
995 644 1123 671 cursu
1138 629 1268 671 totius
1285 629 1378 672 vitae
1401 629 1732 690 indignationem

372 703 621 751 cavendam,
647 702 760 758 quod
779 700 838 742 ira
860 715 968 758 sfepe
990 699 1119 742 etiam
1140 698 1393 743 innocentes
1407 700 1461 743 ‘in
1479 701 1647 744 crimen
1659 702 1734 744 ‘ud-

371 775 524 821 ducat3
559 772 655 830 quia
686 773 786 813 dum
817 770 930 828 justo
964 770 1144 828 amplius
1181 769 1430 821 irascimur,
1464 776 1507 814 et
1535 772 1732 815 volumus

373 844 554 885 alienum
590 847 786 885 coercere
816 849 1068 899 peccatum,
1099 841 1290 899 graviora
1311 850 1487 899 peccata
1510 842 1734 886 committi·
1767 864 1770 867 ⁴

370 928 477 956 mus.
502 913 601 955 Ideo
618 913 846 971 Apostolus
865 927 875 954 ε
892 929 907 950 «
924 910 1018 954 Non
1035 911 1233 970 vosipsos
1245 944 1256 960 ,
1277 911 1436 969 inquit,
1453 911 1731 965 vindicantes,

370 1005 386 1028 n
402 984 634 1029 charissimi
660 999 669 1026 z
695 983 768 1026 sed
790 984 885 1025 date
901 984 1043 1025 locum
1066 982 1137 1024 irae
1154 981 1168 1004 ²
1183 1015 1195 1032 ,
1214 981 1327 1025 »hoc
1354 991 1440 1043 est,
1471 983 1734 1039 declinemus

369 1073 462 1099 eam
476 1091 486 1107 ‚
505 1071 558 1098 ne
583 1070 659 1097 nos
683 1054 749 1096 illa
769 1053 980 1111 corripiat.
1010 1053 1130 1095 Unde
1146 1052 1355 1096 Dominus
1369 1052 1494 1097 «Iesus
1517 1053 1732 1100 dimittens

372 1128 424 1170 ad
444 1125 814 1184 evangelizandum
838 1123 1104 1205 DiscipuIOS,
1137 1123 1253 1166 misit
1279 1139 1351 1167 eos
1373 1123 1463 1167 sine
1490 1131 1617 1176 auro,
1641 1124 1732 1169 sine

371 1207 565 1256 argento,
591 1197 679 1239 sine
695 1195 900 1256 pecunia,
920 1195 1008 1237 sine
1030 1210 1158 1253 pera,
1183 1194 1272 1238 sine
1291 1194 1430 1254 virga,
1438 1195 1494 1239 id
1518 1204 1603 1260 est,
1625 1204 1674 1240 ut
1688 1193 1731 1240 e't

370 1268 578 1311 incentiva
595 1268 698 1317 litis,
722 1274 764 1309 et
781 1266 1060 1309 instrumenta
1077 1265 1264 1324 eriperet
1284 1264 1470 1308 ultiouis.

431 1337 630 1381 LXXIX.
651 1337 734 1380 «Et
763 1337 1070 1386 ascenderunt,
1096 1335 1257 1394 inquit,
1283 1336 1335 1378 de
1360 1335 1567 1394 AEgypto,
1596 1344 1640 1379 et
1663 1351 1729 1393 ve-

368 1416 552 1451 nnerunt
581 1408 623 1450 in
645 1416 799 1450 terram
829 1407 1029 1449 Chanaan
1060 1407 1114 1449 ad
1134 1406 1272 1450 Jacob
1304 1406 1471 1465 patrem
1499 1422 1624 1450 suum
1635 1423 1648 1458 3
1686 1415 1730 1451 et

368 1480 696 1522 »nuntiaverunt
723 1478 781 1521 illi
810 1477 999 1520 dicentes
1020 1492 1030 1519 ε
1052 1476 1164 1529 Quia
1182 1476 1342 1536 Joseph
1359 1476 1470 1520 filius
1488 1485 1587 1520 tuus
1609 1478 1726 1529 vivit,

367 1567 383 1589 »
397 1558 439 1592 et
460 1549 547 1607 ipse
565 1557 628 1591 est
644 1548 839 1607 princeps
856 1547 984 1590 totius
1004 1555 1127 1590 terrae
1149 1547 1321 1606 AEgypti
1333 1545 1368 1590 ⁸.
1384 1565 1402 1588 »
1415 1547 1522 1600 Quae
1536 1548 1602 1591 est
1616 1551 1729 1591 terra

368 1619 594 1663 Chanaani’
614 1620 718 1672 Quae
737 1619 947 1661 nutabat?
974 1618 1090 1670 Quid
1111 1618 1242 1676 igitur
1268 1626 1357 1661 tam
1381 1618 1573 1682 evidens,
1599 1633 1727 1683 quum

367 1692 665 1751 Apostolorum
690 1699 878 1749 tempora
908 1689 1148 1752 designari?
1171 1689 1256 1742 Qui
1283 1690 1458 1748 ingressi
1478 1686 1726 1734 Jud‘ae‘orum

369 1777 598 1821 synagogas
614 1769 833 1810 nutantes,
856 1759 1026 1804 Domini
1042 1760 1146 1803 Jesu
1167 1760 1398 1819 potentiam
1418 1760 1723 1820 praedicabant,

367 1833 475 1876 sicut
496 1832 700 1876 habemus
732 1832 775 1874 in
803 1830 980 1874 Actibus
1007 1830 1332 1890 Apostolorum,
1367 1831 1535 1874 dicente
1562 1831 1688 1875 Petro
1710 1846 1721 1874 ε

379 1921 395 1942 «
418 1903 539 1946 Hunc
574 1918 673 1961 crgo
703 1902 851 1945 Jesum
883 1898 1150 1944 resuscitavit
1176 1901 1312 1950 Deus,
1337 1901 1461 1960 cujus
1490 1917 1566 1945 nos
1597 1899 1724 1946 testes

366 1992 382 2013 »
396 1987 551 2015 sumus.
577 1974 754 2016 Dextera
786 1973 913 2031 igitur
934 1972 1012 2015 Dei
1035 1973 1260 2022 exaltatus,
1286 1970 1726 2032 repromissione'Spiss

363 2063 380 2085 »
394 2045 496 2086 ritus
513 2035 644 2087 sancti
667 2052 839 2103 accepta
857 2059 879 2085 a
898 2044 1020 2087 Patre
1036 2077 1046 2094 ‚
1070 2043 1220 2086 ess'udit
1235 2042 1319 2097 hoc.
1339 2040 1499 2086 donum
1520 2045 1635 2102 quod
1649 2058 1722 2087 vos

365 2133 381 2154 »
395 2114 584 2157 videtis¹⁴.
611 2133 627 2154 n
642 2114 910 2158 Advertimus
931 2123 1046 2157 certe
1068 2114 1285 2173 quomodo
1309 2120 1352 2156 et
1373 2111 1512 2158 vivere
1535 2112 1659 2172 eum,
1679 2111 1733 2159 et*

365 2191 487 2226 terrae
504 2183 632 2226 totius
652 2184 884 2243 principem
904 2184 1015 2227 dicat
1029 2218 1041 2235 ,
1060 2185 1132 2242 qui
1147 2184 1337 2242 aperiens
1353 2184 1505 2228 horrea
1522 2199 1594 2228 sua
1608 2219 1620 2236 ,
1642 2184 1721 2243 spi·

362 2254 492 2297 ritalis
528 2255 668 2313 gratiae
700 2256 828 2298 donet
866 2256 1062 2298 omnihus
1092 2256 1344 2299 ubertatem.
1383 2255 1485 2299 Haec
1523 2247 1721 2312 dicebant

365 2324 572 2381 Apostoli,
593 2327 666 2367 sed
687 2325 924 2368 Judaeinon
942 2327 1198 2369 credebant:
1220 2325 1718 2403 sedinjiciebantmanus

364 2393 406 2436 in
428 2409 524 2442 eos,
547 2396 616 2436 sed
637 2395 899 2437 trudebant·
888 2411 931 2437 1n
955 2396 1190 2439 custodiam
1213 2396 1514 2457 praedicatores
1530 2396 1717 2442 salutis&

420 2463 594 2505 LXXX.
634 2465 752 2506 Unde
787 2473 829 2507 et
869 2464 921 2507 de
949 2463 1085 2510 Jacob
1123 2468 1329 2526 scriptum
1361 2466 1461 2511 est:
1494 2485 1512 2508 α
1537 2455 1717 2529 Expaviif

410 2562 534 2595 =.J0an
552 2574 621 2602 xiv,
642 2575 693 2607 ²7·
710 2582 751 2589 —
769 2565 895 2599 ¹.Rom
914 2543 1403 2611 x11‚i9.—³G6n.x1.v,ass‚
1423 2570 1475 2606 26.
1495 2587 1538 2596 —-
1545 2546 1658 2620 ⁴Act.
1676 2552 1714 2611 in,

360 2615 961 2659 32,35.-⁸1d.v,18.⁷
