1780 3120
276 211 333 254 28
822 223 853 251 s·
893 222 1084 252 Amanosn

277 300 388 344 enim
409 302 503 359 plus
524 299 661 358 potuit
678 299 776 341 dare
789 331 800 348 ‚
819 299 891 356 qui
911 299 990 342 sibi
1010 299 1137 342 etiam
1159 313 1244 342 non
1261 300 1475 359 pepercit,
1501 310 1544 346 et
1557 317 1642 363 pro

275 371 397 414 nobis
413 372 454 413 in
476 377 656 412 mortem
679 369 862 411 animam
889 385 1009 412 suam
1032 370 1219 414 obtulit?

332 440 498 486 XLVII.
521 440 613 498 Ipse
629 454 798 496 quoque
818 439 1023 482 Dominus
1043 439 1168 483 Jesus
1192 441 1425 484 delectatus
1442 441 1526 485 fide
1543 443 1636 487 ani-

275 525 354 552 mae
374 509 523 566 hujus,
548 508 827 559 confessione,
851 510 998 567 gratia,
1019 518 1061 552 et
1077 511 1324 554 collaudatis
1347 511 1439 569 ejus
1454 513 1633 567 meritis,

274 580 446 638 propius
466 594 559 621 eam
577 580 754 623 advocat
769 579 914 622 dicens
935 595 945 622 :
962 597 977 619 α
996 580 1108 624 Ades
1124 581 1209 624 huc
1228 597 1250 624 a
1265 582 1444 633 Libano,
1464 599 1634 642 sponsa,
1651 650 1653 652 q

277 668 293 691 ι
307 650 403 693 ades
425 650 510 693 huc
531 666 552 692 a
571 650 733 694 Libano
765 666 774 693 :
800 650 995 694 transibis
1022 660 1063 694 et
1084 652 1359 710 pertransibis
1382 668 1404 695 a
1427 654 1640 714 principio

276 739 293 761 »
306 719 404 763 fidei
421 735 440 762 a
460 721 598 779 capite
618 720 770 779 Sanyr,
793 729 836 764 et
857 722 1118 764 Hermonum
1133 755 1146 772 ‚
1167 737 1188 765 a
1211 723 1421 781 speluncis
1439 725 1635 778 leonum,

274 808 290 830 »
306 805 328 832 a
347 790 559 833 montibus
575 790 853 848 pardorum¹,
875 790 986 833 »hoc
1008 800 1071 834 est
1096 808 1106 832 ε
1129 793 1344 851 Egredere
1365 795 1418 837 de
1437 809 1632 855 corpore,

275 868 318 902 et
341 868 470 902 totam
500 868 541 902 te
573 875 690 903 exue0
718 860 810 903 Non
831 868 951 918 potes
974 860 1086 903 enim
1109 862 1214 905 mihi
1237 864 1408 915 adesse,
1434 865 1515 909 nisi
1538 875 1638 911 ante

272 928 551 986 peregrineris
568 943 590 970 a
613 943 790 987 corpore
799 946 811 979 ;
835 930 1036 987 quoniam
1054 931 1126 988 qui
1147 931 1190 974 in
1213 948 1341 977 earne
1361 943 1485 986 sunt,
1510 951 1640 995 pere·

272 998 490 1057 grinantur
518 1014 540 1041 a
566 998 644 1042 Dei
670 1014 812 1057 regno.
833 1017 849 1039 α
877 999 1013 1050 Ades,
1048 1000 1209 1059 inquit,
1247 1004 1360 1047 ades.
1390 1006 1536 1049 »Bene
1565 1021 1637 1050 re-

271 1068 442 1125 petivit,
463 1068 558 1126 quia
583 1069 669 1112 sive
693 1085 898 1127 praesens,
925 1070 1011 1114 sive
1033 1071 1184 1115 absens
1200 1105 1212 1123 ,
1239 1075 1386 1117 adesse
1406 1083 1448 1118 et
1466 1078 1639 1135 placere

272 1138 454 1182 Domino
475 1139 564 1182 Deo
585 1147 659 1182 tuo
682 1140 822 1183 debes.
860 1139 1019 1184 Adesto
1040 1158 1248 1201 praesens,
1283 1146 1428 1190 adesto
1456 1147 1632 1199 absens,

274 1210 351 1252 etsi
389 1209 526 1253 adhuc
565 1210 607 1253 in
635 1226 812 1270 corpore
845 1226 904 1255 es.
939 1212 1042 1256 Mihi
1077 1214 1191 1257 enim
1223 1230 1370 1259 omnes
1404 1227 1639 1277 praesentes

274 1288 393 1330 sunt,
418 1296 598 1338 quorum
629 1280 732 1324 fides
759 1296 929 1325 mecum
950 1291 1025 1326 est.
1052 1284 1185 1328 Adest
1206 1286 1337 1337 mihi,
1363 1288 1436 1346 qui
1455 1289 1556 1332 exiit
1581 1291 1637 1334 de

275 1351 439 1394 saeeulo.
472 1351 602 1395 Adest
631 1352 761 1403 mihi,
788 1353 859 1410 qui
876 1368 945 1396 me
967 1355 1147 1412 cogitat,
1171 1371 1241 1399 me
1259 1357 1464 1409 intuetur,
1490 1360 1543 1403 de
1563 1375 1637 1405 me

274 1428 426 1478 sperat,
452 1422 520 1464 eui
545 1437 620 1480 ego
643 1423 781 1480 portio
803 1438 910 1467 sum.
937 1423 1071 1468 Adest
1092 1425 1223 1476 mihi,
1248 1428 1322 1485 qui
1337 1429 1520 1473 abfuerit
1535 1430 1629 1475 sibi.

272 1489 403 1533 Adest
423 1491 553 1542 mihi,
576 1492 647 1550 qui
664 1508 708 1535 se
726 1493 940 1551 negaverit
962 1494 1055 1538 sibi.
1082 1496 1158 1538 Ille
1177 1511 1347 1553 meeum
1366 1507 1454 1550 est,
1477 1500 1549 1559 qui
1566 1500 1636 1544 in-

271 1567 335 1602 tra
353 1576 396 1603 se
419 1576 504 1603 non
525 1570 588 1604 est
605 1579 617 1611 ς
641 1564 841 1621 quoniam
865 1565 938 1622 qui
969 1565 1012 1607 in
1038 1580 1165 1610 carne
1187 1576 1274 1619 est,
1294 1585 1381 1612 non
1401 1579 1466 1614 est
1488 1570 1531 1614 in
1547 1571 1637 1630 spi-

273 1629 369 1673 ritu.
397 1631 472 1674 Ille
493 1646 661 1675 mecum
691 1641 778 1684 est,
804 1634 876 1692 qui
903 1650 953 1677 ex
974 1651 1017 1678 se
1048 1636 1139 1695 ipso
1161 1639 1390 1697 egreditur.
1421 1641 1496 1685 Ille
1515 1641 1634 1699 juxta
1701 1655 1706 1658 '

273 1714 342 1742 me
357 1708 442 1750 est,
466 1702 537 1759 qui
558 1711 673 1746 extra
689 1719 733 1746 se
749 1703 888 1747 fuerit.
915 1705 990 1748 Ille
1011 1706 1116 1750 mihi
1136 1707 1301 1768 integer
1320 1718 1399 1762 est,
1421 1711 1493 1769 qui
1507 1707 1647 1771 prop-⁴

274 1776 340 1812 ter
357 1785 426 1812 me
445 1771 677 1829 perdiderit
703 1773 885 1816 animam
911 1790 1042 1819 suam.
1071 1777 1123 1820 Et
1144 1777 1239 1822 ideo
1253 1814 1264 1831 ,
1279 1798 1296 1819 «
1317 1780 1431 1824 Ades
1452 1787 1634 1842 sponsa,

275 1856 292 1879 n
308 1841 427 1890 ades,
454 1842 651 1885 transibis
676 1858 698 1885 a
718 1843 925 1903 principio
948 1843 1060 1890 fidei.
1087 1848 1285 1894 »Transit
1307 1858 1350 1893 et
1365 1848 1590 1910 pertransit
1610 1867 1638 1896 e

275 1909 396 1951 terris
410 1941 421 1958 ,
439 1918 482 1952 et
496 1912 722 1969 pertransit
744 1927 836 1970 quae
857 1915 910 1956 ad
926 1914 1141 1960 Christum
1162 1921 1365 1977 pervenit.
1391 1922 1561 1966 Transit
1580 1920 1636 1965 fi·

275 1978 342 2021 dei
361 1956 512 2023 merito
526 2014 538 2032 ‚
561 1990 602 2025 et
622 1998 800 2042 operum
819 1985 1006 2030 claritate
1019 2021 1031 2038 ‚
1057 2004 1150 2046 quae
1171 1992 1288 2034 lucet
1307 1991 1417 2035 sicut
1437 1992 1575 2052 Sanyr
1590 2001 1634 2038 et

272 2048 532 2094 Hermonurn
547 2084 558 2101 ,
583 2052 665 2095 hoc
685 2062 768 2103 est,
787 2054 852 2097 via
872 2056 1055 2100 lucernae
1077 2061 1227 2104 transit
1243 2062 1418 2106 devictis
1438 2063 1637 2108 tentatio-

272 2117 397 2161 nibus
426 2121 587 2171 saeculi,
614 2130 656 2165 et
689 2125 894 2182 superatis
924 2128 1122 2185 nequitiis
1145 2131 1425 2188 spiritalibus,
1457 2132 1653 2192 legitimi

274 2195 420 2244 petens
446 2205 646 2234 coronam
669 2194 933 2246 certaminis;
963 2205 1006 2240 et
1027 2198 1122 2241 ideo
1142 2201 1300 2244 meruit
1323 2201 1492 2246 Christo
1513 2203 1634 2261 judi-

276 2266 397 2301 cante
416 2260 593 2305 laudari.

332 2328 520 2375 XLVIII.
541 2351 556 2372 «
578 2334 734 2379 Hortus
758 2338 983 2382 conclusus
1015 2355 1134 2385 soror
1155 2356 1246 2385 mea
1274 2358 1449 2402 sponsa,
1480 2343 1633 2389 hortus

275 2416 291 2437 »
306 2402 528 2444 conclusus
539 2435 551 2452 ,
568 2404 660 2448 sons
677 2406 883 2464 signatus,
903 2410 1148 2455 emissiones
1161 2420 1248 2456 ‚tuae
1267 2414 1485 2472 paradisus
1501 2416 1632 2459 malo·

276 2484 291 2508 »
304 2482 398 2511 rum
419 2481 688 2528 granatorum
716 2491 813 2520 cum
833 2477 974 2537 fructu
991 2496 1216 2539 pomorum
1235 2483 1404 2544 Cypri².
1433 2484 1633 2530 »Lauda-

320 2566 329 2581 ¹
349 2558 445 2593 Cant.
464 2572 506 2599 iv,
522 2562 555 2596 8.
568 2581 608 2589 -—
626 2575 638 2590 ⁸
659 2565 746 2600 lhid.
767 2578 814 2601 η.
