1780 3120
276 264 364 323 '412
624 279 656 312 s.
693 281 886 314 munosu
917 283 971 313 nn
1003 280 1130 313 rom
1149 301 1160 320 ‚
1182 281 1291 314 mc,

333 358 466 404 XCII.
503 359 647 404 Redde
674 376 774 419 ergo
801 362 1066 405 mercenario
1093 363 1338 406 mercedem
1368 378 1488 407 suam
1510 397 1521 414 ‚
1551 359 1633 408 nec

276 445 375 474 eum
401 430 556 473 laboris
579 431 643 473 sui
664 433 862 485 mercede
886 432 1108 475 defraudes
1121 449 1133 483 ς
1161 433 1259 490 quia
1286 442 1329 477 et
1354 442 1399 477 tu
1423 450 1638 478 mercena-

275 501 363 544 rius
380 500 536 545 Christi
557 518 617 552 es,
637 505 680 545 et
692 511 734 546 te
755 504 958 546 conduxit
975 504 1029 547 ad
1043 504 1209 546 vineam
1226 495 1362 554 suum,
1381 513 1424 548 et
1435 505 1513 548 tibi
1529 520 1639 548 mer-

224 609 227 616 .
278 587 347 615 ces
373 573 554 631 reposita
575 581 640 617 est
666 575 859 618 coelestis.
887 575 981 618 Non
999 589 1099 633 ergo
1121 575 1247 617 laedas
1263 590 1431 619 servum
1456 591 1640 635 operan-

278 651 367 686 tem
401 643 444 686 in
481 645 656 688 veritate
671 677 682 695 ‚
721 661 860 703 neque
894 646 1210 689 mercenarium
1245 647 1418 689 dantem
1456 647 1641 707 animam

280 728 400 757 suam
425 730 434 757 :
454 730 540 758 non
562 716 766 775 despicias
788 717 958 775 inopem
979 717 1052 775 qui
1073 717 1203 760 vitam
1225 731 1344 759 suam
1361 717 1508 760 labore
1527 720 1643 761 exer-

279 792 348 827 cet
371 800 473 835 suo,
505 793 548 829 et
575 788 773 830 mercede
797 796 1017 831 sustentat.
1051 789 1144 831 Hoc
1172 796 1236 832 est
1265 788 1380 831 enim
1401 787 1644 832 interficere

279 854 521 906 hominem,
556 856 650 899 vitae
684 873 770 900 suae
798 858 838 901 ei
871 858 1013 902 debita
1043 859 1228 902 subsidia
1256 854 1478 918 denegare.
1512 860 1566 903 Et
1595 866 1655 902 tu

279 919 565 970 mercenarius
588 943 632 970 es
651 927 695 971 in
715 927 795 972 hac
823 937 935 972 terra
956 945 966 972 :
995 931 1047 972 da
1073 931 1316 973 mercedem
1340 929 1605 993 mercenario
1628 963 1640 982 ,

279 1003 328 1038 ut
350 1004 393 1043 et
409 1004 455 1039 tu
471 998 605 1056 possis
631 998 773 1042 dicere
795 999 978 1043 Domino
995 1034 1006 1051 ,
1041 1016 1142 1044 cum
1165 1002 1354 1060 precaris
1380 1018 1390 1045 :
1414 1019 1431 1042 α
1445 1001 1509 1046 Da
1530 1017 1646 1046 mer·-

279 1068 482 1117 »cedem‚
505 1069 711 1120 Domine,
735 1070 1040 1116 sustinentibus
1063 1072 1149 1116 te¹.

304 1170 307 1173 -
339 1137 495 1183 XCIII.
533 1140 686 1183 Tobias
712 1141 789 1184 tibi
805 1141 907 1185 dicit
925 1158 935 1185 ε
959 1161 975 1182 α
989 1143 1174 1187 Luxuria
1191 1151 1327 1187 mater
1345 1151 1410 1186 est
1429 1143 1602 1195 famis‘²,-
1618 1162 1636 1184 n

282 1207 326 1251 iu
342 1225 426 1266 quo
441 1211 746 1254 continentiam
762 1213 901 1256 docet.
923 1213 1037 1256 Dicit
1053 1214 1181 1257 etiam
1202 1230 1211 1256 ε
1237 1231 1253 1253 α
1267 1210 1512 1258 Mercedem
1529 1215 1651 1258 omni·

283 1280 474 1326 »homini
491 1282 564 1340 qui
579 1297 708 1340 penes
729 1292 772 1327 te
791 1290 990 1342 operatus
1005 1284 1154 1335 fuerit,
1178 1286 1311 1329 redde
1326 1286 1478 1328 eadem
1499 1285 1585 1336 die,
1605 1294 1649 1329 et

282 1367 298 1390 n
312 1365 397 1393 non
418 1360 586 1395 maneat
599 1368 730 1412 penes
747 1361 788 1397 te
810 1370 975 1399 merces
990 1355 1200 1406 hominis5
1223 1364 1267 1399 et·
1279 1356 1452 1400 ³me'rces
1470 1365 1541 1400 tua
1562 1370 1649 1400 non

281 1437 297 1459 »
311 1420 634 1466 minorabitur-³.
657 1441 673 1464 »
696 1424 809 1467 Dicit
830 1425 908 1468 tibi
932 1440 941 1469 ε
960 1444 976 1465 «
997 1425 1091 1469 Noli
1105 1426 1253 1469 vinum
1274 1426 1423 1470 hibere
1442 1426 1488 1469 in
1505 1426 1650 1470 ebrie-

283 1507 300 1529 »
313 1491 466 1533 tatem⁶
486 1510 503 1532 ι»
534 1492 649 1536 Dicit
667 1493 745 1536 tibi
771 1509 781 1536 τ
813 1511 830 1534 «
845 1495 908 1537 De
932 1511 1042 1554 pane
1062 1504 1137 1539 tuo
1159 1493 1651 1555 communica'esurien-

283 1577 299 1600 x»
313 1560 466 1605 tibus⁵.
489 1581 505 1603 ι)
538 1563 645 1607 Vide
664 1565 768 1622 quid
787 1573 830 1608 te
853 1566 1108 1610 foeneratore
1129 1568 1274 1626 cupiat
1298 1583 1308 1610 τ
1336 1586 1352 1608 α
1367 1568 1421 1611 Et
1443 1569 1497 1611 de
1519 1567 1651 1612 vesti-

282 1634 466 1677 »mentis
491 1634 573 1678 tuis
597 1636 736 1679 nudos
766 1645 890 1695 tege:
915 1653 968 1681 ex
994 1638 1193 1681 omnibus
1223 1654 1317 1696 quae
1340 1637 1652 1693 abundaverint

285 1704 420 1771 utini,
451 1705 519 1748 fac
547 1707 875 1766 eleemosynam.
909 1707 1038 1751 Omni
1067 1716 1260 1767 tempore
1284 1710 1486 1756 benedic
1490 1709 1658 1766 nomi-,⁴

280 1766 451 1818 »uum⁶
497 1776 601 1819 »In
628 1777 694 1821 his
721 1777 865 1837 itaque
896 1778 1033 1822 soenus
1065 1787 1273 1824 aeternum
1310 1788 1402 1824 est
1384 1811 1418 1832 ,
1446 1788 1495 1824 et.
1522 1795 1651 1823 usura

287 1853 504 1904 perpetua.

300 1946 1059 1990 '¹13ccli.xxxv1.18.--·1e.ai.xux.18
1079 1919 1657 2021 —21bt‹''1.15.-⁴⁴1}‚›id.16l--p

288 2001 303 2028 ⁸
319 1999 532 2045 Ibid.17-
543 2003 560 2028 ⁸
575 2002 663 2038 Ibid
685 2014 768 2046 xvu,
786 2015 839 2046 20,
854 2011 888 2040 et
898 2016 993 2052 seqq
