<?xml version="1.0" encoding="UTF-8"?>
<!DOCTYPE html PUBLIC "-//W3C//DTD XHTML 1.0 Transitional//EN"
    "http://www.w3.org/TR/xhtml1/DTD/xhtml1-transitional.dtd">
<html xmlns="http://www.w3.org/1999/xhtml" xml:lang="en" lang="en">
 <head>
  <title>
</title>
<meta http-equiv="Content-Type" content="text/html;charset=utf-8" />
  <meta name='ocr-system' content='tesseract 3.04.00' />
  <meta name='ocr-capabilities' content='ocr_page ocr_carea ocr_par ocr_line ocrx_word'/>
</head>
<body>
  <div class='ocr_page' id='page_1' title='image "./omniaequaeextant02ambruoft_0016.png"; bbox 0 0 1780 3120; ppageno 0'>
   <div class='ocr_carea' id='block_1_1' title="bbox 290 245 1106 289">
    <p class='ocr_par' dir='ltr' id='par_1_1' title="bbox 290 245 1106 289">
     <span class='ocr_line' id='line_1_1' title="bbox 290 245 1106 289; baseline -0.006 -4"><span class='ocrx_word' id='word_1_1' title='bbox 290 245 323 289; x_wconf 92' lang='grc'><strong>,8</strong></span> <span class='ocrx_word' id='word_1_2' title='bbox 842 253 875 281; x_wconf 82' lang='lat' dir='ltr'><strong>s,</strong></span> <span class='ocrx_word' id='word_1_3' title='bbox 915 251 1106 281; x_wconf 63' lang='lat' dir='ltr'><strong>aunaosu</strong></span> 
     </span>
    </p>
   </div>
   <div class='ocr_carea' id='block_1_2' title="bbox 276 327 1712 2569">
    <p class='ocr_par' dir='ltr' id='par_1_2' title="bbox 293 327 1671 818">
     <span class='ocr_line' id='line_1_2' title="bbox 293 327 1659 388; baseline -0.004 -10"><span class='ocrx_word' id='word_1_4' title='bbox 293 334 480 379; x_wconf 80' lang='lat' dir='ltr'>elevabat</span> <span class='ocrx_word' id='word_1_5' title='bbox 505 332 687 375; x_wconf 90' lang='lat' dir='ltr'><strong>animam</strong></span> <span class='ocrx_word' id='word_1_6' title='bbox 715 345 835 385; x_wconf 84' lang='lat' dir='ltr'><strong>suam</strong></span> <span class='ocrx_word' id='word_1_7' title='bbox 863 330 973 373; x_wconf 87' lang='lat' dir='ltr'><strong>sicut</strong></span> <span class='ocrx_word' id='word_1_8' title='bbox 995 331 1110 372; x_wconf 82' lang='lat' dir='ltr'>Isaac</span> <span class='ocrx_word' id='word_1_9' title='bbox 1135 329 1178 371; x_wconf 90' lang='lat' dir='ltr'><strong>in</strong></span> <span class='ocrx_word' id='word_1_10' title='bbox 1205 343 1383 388; x_wconf 90' lang='lat' dir='ltr'><strong>campo,</strong></span> <span class='ocrx_word' id='word_1_11' title='bbox 1406 329 1474 372; x_wconf 88' lang='lat' dir='ltr'><strong>vel</strong></span> <span class='ocrx_word' id='word_1_12' title='bbox 1499 327 1659 373; x_wconf 52' lang='lat' dir='ltr'><strong>ahane»</strong></span> 
     </span>
     <span class='ocr_line' id='line_1_3' title="bbox 295 397 1659 459; baseline -0.006 -12"><span class='ocrx_word' id='word_1_13' title='bbox 295 404 446 453; x_wconf 89' lang='lat' dir='ltr'><strong>nabat,</strong></span> <span class='ocrx_word' id='word_1_14' title='bbox 468 403 535 446; x_wconf 88' lang='lat' dir='ltr'><strong>vel</strong></span> <span class='ocrx_word' id='word_1_15' title='bbox 561 402 634 459; x_wconf 92' lang='lat' dir='ltr'><strong>(ut</strong></span> <span class='ocrx_word' id='word_1_16' title='bbox 656 401 724 444; x_wconf 91' lang='lat' dir='ltr'><strong>alii</strong></span> <span class='ocrx_word' id='word_1_17' title='bbox 746 400 930 459; x_wconf 86' lang='lat' dir='ltr'><strong>habent)</strong></span> <span class='ocrx_word' id='word_1_18' title='bbox 963 398 1276 443; x_wconf 80' lang='lat' dir='ltr'><strong>deambulabat.</strong></span> <span class='ocrx_word' id='word_1_19' title='bbox 1308 397 1414 441; x_wconf 88' lang='lat' dir='ltr'><strong>Nam</strong></span> <span class='ocrx_word' id='word_1_20' title='bbox 1440 397 1523 440; x_wconf 92' lang='lat' dir='ltr'><strong>hoc</strong></span> <span class='ocrx_word' id='word_1_21' title='bbox 1549 412 1659 455; x_wconf 17' lang='lat' dir='ltr'><strong>quot-</strong></span> 
     </span>
     <span class='ocr_line' id='line_1_4' title="bbox 297 468 1656 533; baseline -0.004 -16"><span class='ocrx_word' id='word_1_22' title='bbox 297 490 380 533; x_wconf 90' lang='lat' dir='ltr'><strong>que</strong></span> <span class='ocrx_word' id='word_1_23' title='bbox 402 472 593 516; x_wconf 83' lang='lat' dir='ltr'><strong>ostendit·</strong></span> <span class='ocrx_word' id='word_1_24' title='bbox 606 486 706 515; x_wconf 87' lang='lat' dir='ltr'><strong>cum</strong></span> <span class='ocrx_word' id='word_1_25' title='bbox 728 470 952 515; x_wconf 85' lang='lat' dir='ltr'><strong>virtutibus</strong></span> <span class='ocrx_word' id='word_1_26' title='bbox 973 469 1176 512; x_wconf 80' lang='lat' dir='ltr'><strong>familiare</strong></span> <span class='ocrx_word' id='word_1_27' title='bbox 1196 469 1354 511; x_wconf 84' lang='lat' dir='ltr'><strong>habere</strong></span> <span class='ocrx_word' id='word_1_28' title='bbox 1375 468 1656 526; x_wconf 81' lang='lat' dir='ltr'><strong>consortium,</strong></span> 
     </span>
     <span class='ocr_line' id='line_1_5' title="bbox 296 537 1660 599; baseline -0.007 -10"><span class='ocrx_word' id='word_1_29' title='bbox 296 555 345 590; x_wconf 87' lang='lat' dir='ltr'><strong>ut</strong></span> <span class='ocrx_word' id='word_1_30' title='bbox 367 543 608 592; x_wconf 83' lang='lat' dir='ltr'><strong>deambulet</strong></span> <span class='ocrx_word' id='word_1_31' title='bbox 627 541 916 599; x_wconf 89' lang='lat' dir='ltr'><strong>unusquisque</strong></span> <span class='ocrx_word' id='word_1_32' title='bbox 939 540 982 582; x_wconf 91' lang='lat' dir='ltr'><strong>in</strong></span> <span class='ocrx_word' id='word_1_33' title='bbox 1004 539 1243 582; x_wconf 87' lang='lat' dir='ltr'><strong>innocentia</strong></span> <span class='ocrx_word' id='word_1_34' title='bbox 1265 538 1404 582; x_wconf 88' lang='lat' dir='ltr'><strong>cordis</strong></span> <span class='ocrx_word' id='word_1_35' title='bbox 1431 537 1519 588; x_wconf 91' lang='lat' dir='ltr'><strong>sui,</strong></span> <span class='ocrx_word' id='word_1_36' title='bbox 1542 538 1660 580; x_wconf 87' lang='lat' dir='ltr'><strong>nullo</strong></span> 
     </span>
     <span class='ocr_line' id='line_1_6' title="bbox 296 607 1661 667; baseline -0.007 -8"><span class='ocrx_word' id='word_1_37' title='bbox 296 632 377 660; x_wconf 90' lang='lat' dir='ltr'><strong>usu</strong></span> <span class='ocrx_word' id='word_1_38' title='bbox 396 613 570 658; x_wconf 84' lang='lat' dir='ltr'><strong>terrenis</strong></span> <span class='ocrx_word' id='word_1_39' title='bbox 585 613 693 656; x_wconf 87' lang='lat' dir='ltr'><strong>vitiis</strong></span> <span class='ocrx_word' id='word_1_40' title='bbox 710 611 954 661; x_wconf 78' lang='lat' dir='ltr'><strong>misceatur,</strong></span> <span class='ocrx_word' id='word_1_41' title='bbox 975 619 1101 667; x_wconf 87' lang='lat' dir='ltr'><strong>atque</strong></span> <span class='ocrx_word' id='word_1_42' title='bbox 1118 608 1532 667; x_wconf 82' lang='lat' dir='ltr'><strong>irreprehensibilem</strong></span> <span class='ocrx_word' id='word_1_43' title='bbox 1549 607 1661 651; x_wconf 82' lang='lat' dir='ltr'><strong>viam</strong></span> 
     </span>
     <span class='ocr_line' id='line_1_7' title="bbox 298 678 1663 741; baseline -0.008 -10"><span class='ocrx_word' id='word_1_44' title='bbox 298 687 504 732; x_wconf 79' lang='lat' dir='ltr'><strong>inoffenso</strong></span> <span class='ocrx_word' id='word_1_45' title='bbox 531 684 684 727; x_wconf 88' lang='lat' dir='ltr'><strong>mentis</strong></span> <span class='ocrx_word' id='word_1_46' title='bbox 717 691 860 741; x_wconf 83' lang='lat' dir='ltr'><strong>carpat</strong></span> <span class='ocrx_word' id='word_1_47' title='bbox 891 681 1092 739; x_wconf 82' lang='lat' dir='ltr'><strong>vestigiO,</strong></span> <span class='ocrx_word' id='word_1_48' title='bbox 1122 695 1200 723; x_wconf 89' lang='lat' dir='ltr'><strong>nec</strong></span> <span class='ocrx_word' id='word_1_49' title='bbox 1222 681 1356 723; x_wconf 90' lang='lat' dir='ltr'><strong>ullum</strong></span> <span class='ocrx_word' id='word_1_50' title='bbox 1387 681 1533 722; x_wconf 89' lang='lat' dir='ltr'><strong>locum</strong></span> <span class='ocrx_word' id='word_1_51' title='bbox 1554 678 1600 722; x_wconf 87' lang='lat' dir='ltr'><strong>in</strong></span> <span class='ocrx_word' id='word_1_52' title='bbox 1618 693 1663 724; x_wconf 85' lang='lat' dir='ltr'><strong>se</strong></span> 
     </span>
     <span class='ocr_line' id='line_1_8' title="bbox 300 754 1671 818; baseline -0.006 -17"><span class='ocrx_word' id='word_1_53' title='bbox 300 757 429 818; x_wconf 87' lang='lat' dir='ltr'><strong>aperi·</strong></span> <span class='ocrx_word' id='word_1_54' title='bbox 418 764 457 799; x_wconf 68' lang='lat' dir='ltr'><strong>it</strong></span> <span class='ocrx_word' id='word_1_55' title='bbox 480 754 1514 812; x_wconf 82' lang='lat' dir='ltr'><strong>corruptioni.</strong></span> <span class='ocrx_word' id='word_1_56' title='bbox 1565 791 1568 794; x_wconf 82' lang='grc'>,</span> <span class='ocrx_word' id='word_1_57' title='bbox 1655 794 1671 800; x_wconf 11' lang='lat' dir='ltr'><strong>a,</strong></span> 
     </span>
    </p>

    <p class='ocr_par' dir='ltr' id='par_1_3' title="bbox 276 798 1712 1998">
     <span class='ocr_line' id='line_1_9' title="bbox 360 798 1666 876; baseline -0.005 -5"><span class='ocrx_word' id='word_1_58' title='bbox 360 828 449 872; x_wconf 86' lang='lat' dir='ltr'><strong>Vll.</strong></span> <span class='ocrx_word' id='word_1_59' title='bbox 488 827 598 870; x_wconf 84' lang='lat' dir='ltr'><strong>Talis</strong></span> <span class='ocrx_word' id='word_1_60' title='bbox 621 834 711 868; x_wconf 86' lang='lat' dir='ltr'><strong>erat</strong></span> <span class='ocrx_word' id='word_1_61' title='bbox 733 825 848 867; x_wconf 85' lang='lat' dir='ltr'><strong>Isaac</strong></span> <span class='ocrx_word' id='word_1_62' title='bbox 880 838 976 866; x_wconf 91' lang='lat' dir='ltr'><strong>cum</strong></span> <span class='ocrx_word' id='word_1_63' title='bbox 1007 823 1246 866; x_wconf 84' lang='lat' dir='ltr'><strong>Rebeccam</strong></span> <span class='ocrx_word' id='word_1_64' title='bbox 1277 798 1572 876; x_wconf 80' lang='lat' dir='ltr'><strong>advenientem</strong></span> <span class='ocrx_word' id='word_1_65' title='bbox 1590 835 1666 866; x_wconf 77' lang='lat' dir='ltr'><strong>ex-</strong></span> 
     </span>
     <span class='ocr_line' id='line_1_10' title="bbox 298 891 1674 958; baseline -0.004 -18"><span class='ocrx_word' id='word_1_66' title='bbox 298 905 514 958; x_wconf 84' lang='lat' dir='ltr'><strong>pectaret,</strong></span> <span class='ocrx_word' id='word_1_67' title='bbox 552 910 790 954; x_wconf 65' lang='lat' dir='ltr'><strong>praeparans</strong></span> <span class='ocrx_word' id='word_1_68' title='bbox 823 909 867 937; x_wconf 88' lang='lat' dir='ltr'><strong>se</strong></span> <span class='ocrx_word' id='word_1_69' title='bbox 897 895 1059 952; x_wconf 81' lang='lat' dir='ltr'><strong>copulae</strong></span> <span class='ocrx_word' id='word_1_70' title='bbox 1092 892 1279 951; x_wconf 84' lang='lat' dir='ltr'><strong>spiritali.</strong></span> <span class='ocrx_word' id='word_1_71' title='bbox 1318 891 1531 936; x_wconf 69' lang='lat' dir='ltr'><strong>Veniebat„</strong></span> <span class='ocrx_word' id='word_1_72' title='bbox 1550 891 1674 946; x_wconf 77' lang='lat' dir='ltr'><strong>enim</strong></span> 
     </span>
     <span class='ocr_line' id='line_1_11' title="bbox 301 962 1664 1026; baseline -0.004 -16"><span class='ocrx_word' id='word_1_73' title='bbox 301 968 388 1026; x_wconf 90' lang='lat' dir='ltr'><strong>jam</strong></span> <span class='ocrx_word' id='word_1_74' title='bbox 412 966 651 1008; x_wconf 84' lang='lat' dir='ltr'><strong>coelestibus</strong></span> <span class='ocrx_word' id='word_1_75' title='bbox 674 966 812 1007; x_wconf 87' lang='lat' dir='ltr'><strong>dotata</strong></span> <span class='ocrx_word' id='word_1_76' title='bbox 839 964 1050 1022; x_wconf 72' lang='lat' dir='ltr'><strong>mysteriis</strong></span> <span class='ocrx_word' id='word_1_77' title='bbox 1072 978 1081 1005; x_wconf 71' lang='grc' dir='ltr'><strong><em>ε</em></strong></span> <span class='ocrx_word' id='word_1_78' title='bbox 1109 962 1305 1006; x_wconf 82' lang='lat' dir='ltr'><strong>veniebat</strong></span> <span class='ocrx_word' id='word_1_79' title='bbox 1334 977 1486 1020; x_wconf 78' lang='lat' dir='ltr'><strong>magna</strong></span> <span class='ocrx_word' id='word_1_80' title='bbox 1517 974 1664 1022; x_wconf 86' lang='lat' dir='ltr'><strong>secum</strong></span> 
     </span>
     <span class='ocr_line' id='line_1_12' title="bbox 304 1031 1666 1090; baseline -0.005 -10"><span class='ocrx_word' id='word_1_81' title='bbox 304 1044 555 1080; x_wconf 86' lang='lat' dir='ltr'><strong>ornamenta</strong></span> <span class='ocrx_word' id='word_1_82' title='bbox 579 1036 744 1078; x_wconf 82' lang='lat' dir='ltr'><strong>aurium</strong></span> <span class='ocrx_word' id='word_1_83' title='bbox 765 1043 808 1077; x_wconf 87' lang='lat' dir='ltr'><strong>et</strong></span> <span class='ocrx_word' id='word_1_84' title='bbox 829 1049 1033 1077; x_wconf 89' lang='lat' dir='ltr'><strong>manuum</strong></span> <span class='ocrx_word' id='word_1_85' title='bbox 1059 1034 1219 1082; x_wconf 85' lang='lat' dir='ltr'><strong>serens;</strong></span> <span class='ocrx_word' id='word_1_86' title='bbox 1245 1048 1295 1075; x_wconf 91' lang='lat' dir='ltr'><strong>eo</strong></span> <span class='ocrx_word' id='word_1_87' title='bbox 1321 1033 1436 1090; x_wconf 93' lang='lat' dir='ltr'><strong>quod</strong></span> <span class='ocrx_word' id='word_1_88' title='bbox 1461 1031 1609 1074; x_wconf 80' lang='lat' dir='ltr'><strong>auditu</strong></span> <span class='ocrx_word' id='word_1_89' title='bbox 1624 1038 1666 1072; x_wconf 84' lang='lat' dir='ltr'><strong>et</strong></span> 
     </span>
     <span class='ocr_line' id='line_1_13' title="bbox 307 1102 1668 1167; baseline -0.004 -17"><span class='ocrx_word' id='word_1_90' title='bbox 307 1107 506 1167; x_wconf 83' lang='lat' dir='ltr'><strong>operibus</strong></span> <span class='ocrx_word' id='word_1_91' title='bbox 525 1106 709 1148; x_wconf 85' lang='lat' dir='ltr'><strong>emineat</strong></span> <span class='ocrx_word' id='word_1_92' title='bbox 725 1105 924 1147; x_wconf 82' lang='lat' dir='ltr'><strong>Ecclesiae</strong></span> <span class='ocrx_word' id='word_1_93' title='bbox 945 1104 1242 1162; x_wconf 72' lang='lat' dir='ltr'><strong>pulchritudo,</strong></span> <span class='ocrx_word' id='word_1_94' title='bbox 1267 1103 1336 1145; x_wconf 87' lang='lat' dir='ltr'><strong>cui</strong></span> <span class='ocrx_word' id='word_1_95' title='bbox 1361 1110 1481 1155; x_wconf 81' lang='lat' dir='ltr'><strong>recte</strong></span> <span class='ocrx_word' id='word_1_96' title='bbox 1504 1102 1668 1144; x_wconf 87' lang='lat' dir='ltr'><strong>dictum</strong></span> 
     </span>
     <span class='ocr_line' id='line_1_14' title="bbox 307 1175 1669 1229; baseline -0.006 -8"><span class='ocrx_word' id='word_1_97' title='bbox 307 1177 563 1221; x_wconf 81' lang='lat' dir='ltr'><strong>advertimus</strong></span> <span class='ocrx_word' id='word_1_98' title='bbox 585 1192 593 1218; x_wconf 94' lang='lat'><strong>:</strong></span> <span class='ocrx_word' id='word_1_99' title='bbox 611 1177 737 1218; x_wconf 78' lang='lat' dir='ltr'><strong>«Esto</strong></span> <span class='ocrx_word' id='word_1_100' title='bbox 761 1175 802 1217; x_wconf 91' lang='lat' dir='ltr'><strong>in</strong></span> <span class='ocrx_word' id='word_1_101' title='bbox 824 1175 954 1217; x_wconf 85' lang='lat' dir='ltr'><strong>millia</strong></span> <span class='ocrx_word' id='word_1_102' title='bbox 979 1175 1158 1217; x_wconf 88' lang='lat' dir='ltr'><strong>millium</strong></span> <span class='ocrx_word' id='word_1_103' title='bbox 1173 1206 1184 1223; x_wconf 94' lang='lat'>,</span> <span class='ocrx_word' id='word_1_104' title='bbox 1203 1181 1244 1216; x_wconf 88' lang='lat' dir='ltr'><strong>et</strong></span> <span class='ocrx_word' id='word_1_105' title='bbox 1265 1189 1409 1216; x_wconf 91' lang='lat' dir='ltr'><strong>semen</strong></span> <span class='ocrx_word' id='word_1_106' title='bbox 1433 1181 1554 1216; x_wconf 92' lang='lat' dir='ltr'><strong>tuum</strong></span> <span class='ocrx_word' id='word_1_107' title='bbox 1570 1186 1669 1229; x_wconf 90' lang='lat' dir='ltr'><strong>pos-</strong></span> 
     </span>
     <span class='ocr_line' id='line_1_15' title="bbox 305 1241 1667 1302; baseline -0.004 -13"><span class='ocrx_word' id='word_1_108' title='bbox 305 1267 322 1289; x_wconf 79' lang='lat'>»</span> <span class='ocrx_word' id='word_1_109' title='bbox 337 1248 468 1291; x_wconf 86' lang='lat' dir='ltr'><strong>sideat</strong></span> <span class='ocrx_word' id='word_1_110' title='bbox 486 1246 819 1289; x_wconf 80' lang='lat' dir='ltr'><strong>adversariorum</strong></span> <span class='ocrx_word' id='word_1_111' title='bbox 838 1244 1068 1288; x_wconf 86' lang='lat' dir='ltr'><strong>civitates¹.</strong></span> <span class='ocrx_word' id='word_1_112' title='bbox 1085 1245 1277 1287; x_wconf 78' lang='lat' dir='ltr'><strong>»Decor-a</strong></span> <span class='ocrx_word' id='word_1_113' title='bbox 1306 1244 1434 1302; x_wconf 86' lang='lat' dir='ltr'><strong>igitur</strong></span> <span class='ocrx_word' id='word_1_114' title='bbox 1453 1241 1643 1285; x_wconf 86' lang='lat' dir='ltr'><strong>Ecclesia</strong></span> <span class='ocrx_word' id='word_1_115' title='bbox 1655 1273 1667 1290; x_wconf 91' lang='lat'><strong><em>‚</em></strong></span> 
     </span>
     <span class='ocr_line' id='line_1_16' title="bbox 309 1311 1672 1377; baseline -0.004 -17"><span class='ocrx_word' id='word_1_116' title='bbox 309 1334 401 1377; x_wconf 82' lang='lat' dir='ltr'><strong>quae</strong></span> <span class='ocrx_word' id='word_1_117' title='bbox 422 1334 473 1360; x_wconf 85' lang='lat' dir='ltr'><strong>ex</strong></span> <span class='ocrx_word' id='word_1_118' title='bbox 494 1317 672 1360; x_wconf 86' lang='lat' dir='ltr'><strong>inimicis</strong></span> <span class='ocrx_word' id='word_1_119' title='bbox 697 1316 892 1374; x_wconf 85' lang='lat' dir='ltr'><strong>gentibus</strong></span> <span class='ocrx_word' id='word_1_120' title='bbox 915 1315 1023 1358; x_wconf 86' lang='lat' dir='ltr'><strong>filios</strong></span> <span class='ocrx_word' id='word_1_121' title='bbox 1046 1314 1276 1372; x_wconf 89' lang='lat' dir='ltr'><strong>acquisivit.</strong></span> <span class='ocrx_word' id='word_1_122' title='bbox 1315 1313 1400 1356; x_wconf 86' lang='lat' dir='ltr'><strong>Sed</strong></span> <span class='ocrx_word' id='word_1_123' title='bbox 1427 1321 1566 1372; x_wconf 85' lang='lat' dir='ltr'><strong>potest</strong></span> <span class='ocrx_word' id='word_1_124' title='bbox 1589 1311 1672 1355; x_wconf 86' lang='lat' dir='ltr'><strong>hoe</strong></span> 
     </span>
     <span class='ocr_line' id='line_1_17' title="bbox 309 1380 1675 1444; baseline -0.004 -12"><span class='ocrx_word' id='word_1_125' title='bbox 309 1389 436 1433; x_wconf 87' lang='lat' dir='ltr'><strong>etiam</strong></span> <span class='ocrx_word' id='word_1_126' title='bbox 459 1390 512 1431; x_wconf 88' lang='lat' dir='ltr'><strong>ad</strong></span> <span class='ocrx_word' id='word_1_127' title='bbox 536 1388 719 1430; x_wconf 87' lang='lat' dir='ltr'><strong>animam</strong></span> <span class='ocrx_word' id='word_1_128' title='bbox 743 1386 936 1444; x_wconf 88' lang='lat' dir='ltr'><strong>deputari</strong></span> <span class='ocrx_word' id='word_1_129' title='bbox 954 1383 977 1437; x_wconf 14' lang='grc' dir='ltr'><strong>,Δ</strong></span> <span class='ocrx_word' id='word_1_130' title='bbox 995 1402 1088 1443; x_wconf 81' lang='lat' dir='ltr'><strong>quae</strong></span> <span class='ocrx_word' id='word_1_131' title='bbox 1108 1385 1325 1444; x_wconf 77' lang='lat' dir='ltr'><strong>passiones</strong></span> <span class='ocrx_word' id='word_1_132' title='bbox 1343 1384 1542 1444; x_wconf 81' lang='lat' dir='ltr'><strong>corporis·</strong></span> <span class='ocrx_word' id='word_1_133' title='bbox 1557 1380 1675 1426; x_wconf 82' lang='lat' dir='ltr'><strong>subi-</strong></span> 
     </span>
     <span class='ocr_line' id='line_1_18' title="bbox 312 1455 1673 1517; baseline -0.003 -17"><span class='ocrx_word' id='word_1_134' title='bbox 312 1459 391 1517; x_wconf 86' lang='lat' dir='ltr'><strong>git,</strong></span> <span class='ocrx_word' id='word_1_135' title='bbox 416 1467 458 1500; x_wconf 92' lang='lat' dir='ltr'><strong>et</strong></span> <span class='ocrx_word' id='word_1_136' title='bbox 481 1460 533 1501; x_wconf 89' lang='lat' dir='ltr'><strong>ad</strong></span> <span class='ocrx_word' id='word_1_137' title='bbox 549 1458 751 1500; x_wconf 86' lang='lat' dir='ltr'><strong>virtutum</strong></span> <span class='ocrx_word' id='word_1_138' title='bbox 773 1456 911 1499; x_wconf 85' lang='lat' dir='ltr'><strong>officia</strong></span> <span class='ocrx_word' id='word_1_139' title='bbox 938 1455 1168 1505; x_wconf 83' lang='lat' dir='ltr'><strong>convertit,</strong></span> <span class='ocrx_word' id='word_1_140' title='bbox 1197 1463 1564 1513; x_wconf 82' lang='lat' dir='ltr'><strong>repugnantesque</strong></span> <span class='ocrx_word' id='word_1_141' title='bbox 1582 1466 1673 1496; x_wconf 90' lang='lat' dir='ltr'><strong>mo-</strong></span> 
     </span>
     <span class='ocr_line' id='line_1_19' title="bbox 313 1519 1677 1584; baseline -0.004 -14"><span class='ocrx_word' id='word_1_142' title='bbox 313 1536 381 1571; x_wconf 84' lang='lat' dir='ltr'><strong>tus</strong></span> <span class='ocrx_word' id='word_1_143' title='bbox 399 1527 479 1570; x_wconf 89' lang='lat' dir='ltr'><strong>sibi</strong></span> <span class='ocrx_word' id='word_1_144' title='bbox 497 1527 741 1569; x_wconf 85' lang='lat' dir='ltr'><strong>obedientes</strong></span> <span class='ocrx_word' id='word_1_145' title='bbox 758 1525 899 1568; x_wconf 85' lang='lat' dir='ltr'><strong>efficit.</strong></span> <span class='ocrx_word' id='word_1_146' title='bbox 913 1526 1023 1584; x_wconf 86' lang='lat' dir='ltr'><strong>Ergo</strong></span> <span class='ocrx_word' id='word_1_147' title='bbox 1039 1527 1105 1568; x_wconf 89' lang='lat' dir='ltr'><strong>vel</strong></span> <span class='ocrx_word' id='word_1_148' title='bbox 1117 1523 1516 1568; x_wconf 81' lang='lat' dir='ltr'><strong>animaPatriarchae</strong></span> <span class='ocrx_word' id='word_1_149' title='bbox 1528 1519 1677 1567; x_wconf 72' lang='lat' dir='ltr'><strong>videns</strong></span> 
     </span>
     <span class='ocr_line' id='line_1_20' title="bbox 314 1595 1679 1655; baseline -0.002 -15"><span class='ocrx_word' id='word_1_150' title='bbox 314 1598 565 1655; x_wconf 87' lang='lat' dir='ltr'><strong>mysterium</strong></span> <span class='ocrx_word' id='word_1_151' title='bbox 587 1597 767 1648; x_wconf 85' lang='lat' dir='ltr'><strong>Christi,</strong></span> <span class='ocrx_word' id='word_1_152' title='bbox 791 1596 936 1639; x_wconf 89' lang='lat' dir='ltr'><strong>videns</strong></span> <span class='ocrx_word' id='word_1_153' title='bbox 955 1595 1196 1639; x_wconf 86' lang='lat' dir='ltr'><strong>Rebeccam</strong></span> <span class='ocrx_word' id='word_1_154' title='bbox 1219 1596 1459 1639; x_wconf 86' lang='lat' dir='ltr'><strong>venientem</strong></span> <span class='ocrx_word' id='word_1_155' title='bbox 1479 1606 1580 1637; x_wconf 90' lang='lat' dir='ltr'><strong>cum</strong></span> <span class='ocrx_word' id='word_1_156' title='bbox 1596 1597 1679 1636; x_wconf 58' lang='lat' dir='ltr'><strong>‘ra-</strong></span> 
     </span>
     <span class='ocr_line' id='line_1_21' title="bbox 316 1664 1680 1725; baseline -0.004 -13"><span class='ocrx_word' id='word_1_157' title='bbox 316 1668 371 1712; x_wconf 88' lang='lat' dir='ltr'><strong>sis</strong></span> <span class='ocrx_word' id='word_1_158' title='bbox 405 1668 540 1710; x_wconf 88' lang='lat' dir='ltr'><strong>aureis</strong></span> <span class='ocrx_word' id='word_1_159' title='bbox 578 1676 620 1711; x_wconf 90' lang='lat' dir='ltr'><strong>et</strong></span> <span class='ocrx_word' id='word_1_160' title='bbox 654 1667 886 1725; x_wconf 80' lang='lat' dir='ltr'><strong>argenteis,</strong></span> <span class='ocrx_word' id='word_1_161' title='bbox 921 1675 1121 1724; x_wconf 86' lang='lat' dir='ltr'><strong>tanquam</strong></span> <span class='ocrx_word' id='word_1_162' title='bbox 1147 1665 1380 1709; x_wconf 86' lang='lat' dir='ltr'><strong>Ecclesiam</strong></span> <span class='ocrx_word' id='word_1_163' title='bbox 1401 1680 1500 1708; x_wconf 91' lang='lat' dir='ltr'><strong>cum</strong></span> <span class='ocrx_word' id='word_1_164' title='bbox 1521 1664 1680 1723; x_wconf 86' lang='lat' dir='ltr'><strong>populo</strong></span> 
     </span>
     <span class='ocr_line' id='line_1_22' title="bbox 319 1736 1682 1795; baseline -0.002 -14"><span class='ocrx_word' id='word_1_165' title='bbox 319 1738 565 1788; x_wconf 82' lang='lat' dir='ltr'><strong>nationum,</strong></span> <span class='ocrx_word' id='word_1_166' title='bbox 588 1737 739 1780; x_wconf 86' lang='lat' dir='ltr'><strong>mirata</strong></span> <span class='ocrx_word' id='word_1_167' title='bbox 765 1737 1128 1795; x_wconf 83' lang='lat' dir='ltr'><strong>pulchritudinem</strong></span> <span class='ocrx_word' id='word_1_168' title='bbox 1151 1736 1278 1781; x_wconf 91' lang='lat' dir='ltr'><strong>Verbi</strong></span> <span class='ocrx_word' id='word_1_169' title='bbox 1293 1769 1304 1786; x_wconf 96' lang='lat'><strong>,</strong></span> <span class='ocrx_word' id='word_1_170' title='bbox 1328 1745 1370 1779; x_wconf 88' lang='lat' dir='ltr'><strong>et</strong></span> <span class='ocrx_word' id='word_1_171' title='bbox 1392 1743 1682 1787; x_wconf 74' lang='lat' dir='ltr'><strong>sacramento-</strong></span> 
     </span>
     <span class='ocr_line' id='line_1_23' title="bbox 318 1797 1712 1864; baseline -0.003 -13"><span class='ocrx_word' id='word_1_172' title='bbox 318 1823 415 1851; x_wconf 84' lang='lat' dir='ltr'><strong>rum</strong></span> <span class='ocrx_word' id='word_1_173' title='bbox 433 1807 524 1864; x_wconf 86' lang='lat' dir='ltr'><strong>ejus</strong></span> <span class='ocrx_word' id='word_1_174' title='bbox 547 1807 648 1850; x_wconf 86' lang='lat' dir='ltr'><strong>dicit</strong></span> <span class='ocrx_word' id='word_1_175' title='bbox 667 1823 676 1849; x_wconf 74' lang='grc' dir='ltr'><em>τ</em></span> <span class='ocrx_word' id='word_1_176' title='bbox 709 1825 724 1847; x_wconf 89' lang='lat'>«</span> <span class='ocrx_word' id='word_1_177' title='bbox 742 1807 969 1850; x_wconf 78' lang='lat' dir='ltr'><strong>osculetur</strong></span> <span class='ocrx_word' id='word_1_178' title='bbox 988 1797 1058 1850; x_wconf 88' lang='lat' dir='ltr'><strong>me</strong></span> <span class='ocrx_word' id='word_1_179' title='bbox 1079 1808 1130 1850; x_wconf 85' lang='lat' dir='ltr'><strong>ab</strong></span> <span class='ocrx_word' id='word_1_180' title='bbox 1147 1807 1302 1849; x_wconf 88' lang='lat' dir='ltr'><strong>osculis</strong></span> <span class='ocrx_word' id='word_1_181' title='bbox 1323 1806 1407 1848; x_wconf 85' lang='lat' dir='ltr'><strong>oris</strong></span> <span class='ocrx_word' id='word_1_182' title='bbox 1429 1805 1494 1849; x_wconf 89' lang='lat' dir='ltr'><strong>sui</strong></span> <span class='ocrx_word' id='word_1_183' title='bbox 1509 1805 1540 1848; x_wconf 80' lang='lat'><strong>².</strong></span> <span class='ocrx_word' id='word_1_184' title='bbox 1559 1823 1580 1846; x_wconf 75' lang='lat'><strong>,„</strong></span> <span class='ocrx_word' id='word_1_185' title='bbox 1606 1804 1685 1849; x_wconf 83' lang='lat' dir='ltr'><strong>Vel</strong></span> <span class='ocrx_word' id='word_1_186' title='bbox 1709 1860 1712 1863; x_wconf 22' lang='grc' dir='ltr'>Ι</span> 
     </span>
     <span class='ocr_line' id='line_1_24' title="bbox 318 1876 1684 1935; baseline -0.004 -12"><span class='ocrx_word' id='word_1_187' title='bbox 318 1876 514 1923; x_wconf 79' lang='lat' dir='ltr'><strong>Rebecca</strong></span> <span class='ocrx_word' id='word_1_188' title='bbox 531 1877 676 1921; x_wconf 90' lang='lat' dir='ltr'><strong>videns</strong></span> <span class='ocrx_word' id='word_1_189' title='bbox 692 1893 839 1920; x_wconf 86' lang='lat' dir='ltr'><strong>verum</strong></span> <span class='ocrx_word' id='word_1_190' title='bbox 857 1879 995 1928; x_wconf 86' lang='lat' dir='ltr'><strong>Isaac,</strong></span> <span class='ocrx_word' id='word_1_191' title='bbox 1013 1893 1162 1921; x_wconf 87' lang='lat' dir='ltr'><strong>verum</strong></span> <span class='ocrx_word' id='word_1_192' title='bbox 1178 1878 1282 1921; x_wconf 88' lang='lat' dir='ltr'><strong>illud</strong></span> <span class='ocrx_word' id='word_1_193' title='bbox 1296 1877 1522 1935; x_wconf 84' lang='lat' dir='ltr'><strong>gaudium,</strong></span> <span class='ocrx_word' id='word_1_194' title='bbox 1541 1889 1684 1919; x_wconf 85' lang='lat' dir='ltr'><strong>veram</strong></span> 
     </span>
     <span class='ocr_line' id='line_1_25' title="bbox 276 1937 981 1998; baseline -0.001 -7"><span class='ocrx_word' id='word_1_195' title='bbox 276 1992 287 1998; x_wconf 26' lang='grc' dir='ltr'><strong><em>ἶ</em></strong></span> <span class='ocrx_word' id='word_1_196' title='bbox 318 1947 530 1997; x_wconf 74' lang='lat' dir='ltr'><strong>laetitiam,</strong></span> <span class='ocrx_word' id='word_1_197' title='bbox 556 1947 765 1993; x_wconf 75' lang='lat' dir='ltr'><strong>desiderat</strong></span> <span class='ocrx_word' id='word_1_198' title='bbox 786 1937 981 1991; x_wconf 87' lang='lat' dir='ltr'><strong>osculari.</strong></span> 
     </span>
    </p>

    <p class='ocr_par' dir='ltr' id='par_1_4' title="bbox 323 1991 1693 2569">
     <span class='ocr_line' id='line_1_26' title="bbox 382 1991 1686 2075; baseline -0.001 -16"><span class='ocrx_word' id='word_1_199' title='bbox 382 2016 489 2059; x_wconf 90' lang='lat' dir='ltr'>VIII.</span> <span class='ocrx_word' id='word_1_200' title='bbox 527 2017 640 2069; x_wconf 88' lang='lat' dir='ltr'><strong>Quid</strong></span> <span class='ocrx_word' id='word_1_201' title='bbox 666 2025 729 2059; x_wconf 91' lang='lat' dir='ltr'><strong>est</strong></span> <span class='ocrx_word' id='word_1_202' title='bbox 742 2018 915 2075; x_wconf 87' lang='lat' dir='ltr'><strong>igitur·</strong></span> <span class='ocrx_word' id='word_1_203' title='bbox 943 2004 1206 2062; x_wconf 82' lang='lat' dir='ltr'><strong>«Osculetur</strong></span> <span class='ocrx_word' id='word_1_204' title='bbox 1235 2033 1306 2061; x_wconf 91' lang='lat' dir='ltr'><strong>me</strong></span> <span class='ocrx_word' id='word_1_205' title='bbox 1339 2018 1391 2061; x_wconf 88' lang='lat' dir='ltr'><strong>ab</strong></span> <span class='ocrx_word' id='word_1_206' title='bbox 1422 1991 1577 2060; x_wconf 79' lang='lat' dir='ltr'><strong>esculis</strong></span> <span class='ocrx_word' id='word_1_207' title='bbox 1601 2016 1686 2059; x_wconf 71' lang='lat' dir='ltr'><strong>oris</strong></span> 
     </span>
     <span class='ocr_line' id='line_1_27' title="bbox 323 2087 1687 2149; baseline 0.002 -21"><span class='ocrx_word' id='word_1_208' title='bbox 323 2105 340 2128; x_wconf 70' lang='grc' dir='ltr'><strong>ι»</strong></span> <span class='ocrx_word' id='word_1_209' title='bbox 354 2087 466 2130; x_wconf 76' lang='lat' dir='ltr'><strong>sui?</strong></span> <span class='ocrx_word' id='word_1_210' title='bbox 461 2105 476 2127; x_wconf 72' lang='grc' dir='ltr'><strong>ι)</strong></span> <span class='ocrx_word' id='word_1_211' title='bbox 503 2087 731 2130; x_wconf 87' lang='lat' dir='ltr'><strong>Considera</strong></span> <span class='ocrx_word' id='word_1_212' title='bbox 748 2091 816 2131; x_wconf 90' lang='lat' dir='ltr'><strong>vel</strong></span> <span class='ocrx_word' id='word_1_213' title='bbox 835 2090 1068 2132; x_wconf 88' lang='lat' dir='ltr'><strong>Ecclesiam</strong></span> <span class='ocrx_word' id='word_1_214' title='bbox 1091 2089 1253 2147; x_wconf 88' lang='lat' dir='ltr'><strong>jamdiu</strong></span> <span class='ocrx_word' id='word_1_215' title='bbox 1274 2087 1481 2149; x_wconf 87' lang='lat' dir='ltr'><strong>promisso</strong></span> <span class='ocrx_word' id='word_1_216' title='bbox 1510 2088 1591 2132; x_wconf 89' lang='lat' dir='ltr'><strong>sibi</strong></span> <span class='ocrx_word' id='word_1_217' title='bbox 1610 2099 1687 2147; x_wconf 80' lang='lat' dir='ltr'><strong>per</strong></span> 
     </span>
     <span class='ocr_line' id='line_1_28' title="bbox 323 2158 1689 2220; baseline 0.003 -21"><span class='ocrx_word' id='word_1_218' title='bbox 323 2158 556 2216; x_wconf 85' lang='lat' dir='ltr'><strong>Prophetas</strong></span> <span class='ocrx_word' id='word_1_219' title='bbox 589 2158 803 2202; x_wconf 89' lang='lat' dir='ltr'><strong>dominico</strong></span> <span class='ocrx_word' id='word_1_220' title='bbox 825 2160 1029 2209; x_wconf 83' lang='lat' dir='ltr'><strong>adventu,</strong></span> <span class='ocrx_word' id='word_1_221' title='bbox 1052 2176 1128 2220; x_wconf 86' lang='lat' dir='ltr'><strong>per</strong></span> <span class='ocrx_word' id='word_1_222' title='bbox 1149 2169 1338 2219; x_wconf 89' lang='lat' dir='ltr'><strong>tempora</strong></span> <span class='ocrx_word' id='word_1_223' title='bbox 1355 2162 1488 2205; x_wconf 90' lang='lat' dir='ltr'><strong>multa</strong></span> <span class='ocrx_word' id='word_1_224' title='bbox 1511 2175 1689 2219; x_wconf 87' lang='lat' dir='ltr'><strong>suspen-</strong></span> 
     </span>
     <span class='ocr_line' id='line_1_29' title="bbox 328 2228 1690 2289; baseline 0.001 -18"><span class='ocrx_word' id='word_1_225' title='bbox 328 2244 439 2280; x_wconf 87' lang='lat' dir='ltr'><strong>sam,</strong></span> <span class='ocrx_word' id='word_1_226' title='bbox 467 2230 533 2271; x_wconf 91' lang='lat' dir='ltr'><strong>vel</strong></span> <span class='ocrx_word' id='word_1_227' title='bbox 564 2228 773 2279; x_wconf 81' lang='lat' dir='ltr'><strong>animam,</strong></span> <span class='ocrx_word' id='word_1_228' title='bbox 798 2245 889 2287; x_wconf 83' lang='lat' dir='ltr'><strong>quae</strong></span> <span class='ocrx_word' id='word_1_229' title='bbox 912 2231 1079 2273; x_wconf 87' lang='lat' dir='ltr'><strong>elevans</strong></span> <span class='ocrx_word' id='word_1_230' title='bbox 1111 2246 1156 2273; x_wconf 92' lang='lat' dir='ltr'><strong>se</strong></span> <span class='ocrx_word' id='word_1_231' title='bbox 1187 2247 1209 2273; x_wconf 91' lang='lat' dir='ltr'><strong>a</strong></span> <span class='ocrx_word' id='word_1_232' title='bbox 1244 2246 1446 2289; x_wconf 88' lang='lat' dir='ltr'><strong>corpore,</strong></span> <span class='ocrx_word' id='word_1_233' title='bbox 1483 2229 1690 2273; x_wconf 83' lang='lat' dir='ltr'><strong>abdicatis</strong></span> 
     </span>
     <span class='ocr_line' id='line_1_30' title="bbox 327 2298 1692 2358; baseline -0.001 -16"><span class='ocrx_word' id='word_1_234' title='bbox 327 2298 515 2348; x_wconf 85' lang='lat' dir='ltr'><strong>luxuria,</strong></span> <span class='ocrx_word' id='word_1_235' title='bbox 541 2307 665 2357; x_wconf 88' lang='lat' dir='ltr'><strong>atque</strong></span> <span class='ocrx_word' id='word_1_236' title='bbox 687 2298 846 2341; x_wconf 88' lang='lat' dir='ltr'><strong>deliciis</strong></span> <span class='ocrx_word' id='word_1_237' title='bbox 860 2332 871 2349; x_wconf 94' lang='lat'><strong>,</strong></span> <span class='ocrx_word' id='word_1_238' title='bbox 895 2299 1264 2358; x_wconf 88' lang='lat' dir='ltr'><strong>voluptatibusque</strong></span> <span class='ocrx_word' id='word_1_239' title='bbox 1281 2300 1541 2349; x_wconf 87' lang='lat' dir='ltr'><strong>carnalibus,</strong></span> <span class='ocrx_word' id='word_1_240' title='bbox 1566 2306 1692 2342; x_wconf 83' lang='lat' dir='ltr'><strong>exuta</strong></span> 
     </span>
     <span class='ocr_line' id='line_1_31' title="bbox 332 2368 1693 2428; baseline 0.002 -19"><span class='ocrx_word' id='word_1_241' title='bbox 332 2383 501 2425; x_wconf 88' lang='lat' dir='ltr'><strong>quoque</strong></span> <span class='ocrx_word' id='word_1_242' title='bbox 534 2368 814 2411; x_wconf 87' lang='lat' dir='ltr'><strong>sollicitudine</strong></span> <span class='ocrx_word' id='word_1_243' title='bbox 846 2369 1111 2413; x_wconf 76' lang='lat' dir='ltr'><strong>saecularium</strong></span> <span class='ocrx_word' id='word_1_244' title='bbox 1139 2370 1372 2414; x_wconf 85' lang='lat' dir='ltr'><strong>vanitatum</strong></span> <span class='ocrx_word' id='word_1_245' title='bbox 1385 2377 1404 2421; x_wconf 91' lang='lat'><strong>,&#39;</strong></span> <span class='ocrx_word' id='word_1_246' title='bbox 1419 2370 1507 2428; x_wconf 86' lang='lat' dir='ltr'><strong>jam</strong></span> <span class='ocrx_word' id='word_1_247' title='bbox 1529 2370 1693 2413; x_wconf 86' lang='lat' dir='ltr'><strong>dudum</strong></span> 
     </span>
     <span class='ocr_line' id='line_1_32' title="bbox 330 2437 1693 2499; baseline 0.001 -19"><span class='ocrx_word' id='word_1_248' title='bbox 330 2437 583 2494; x_wconf 79' lang='lat' dir='ltr'><strong>infusionem</strong></span> <span class='ocrx_word' id='word_1_249' title='bbox 608 2439 686 2481; x_wconf 91' lang='lat' dir='ltr'><strong>sibi</strong></span> <span class='ocrx_word' id='word_1_250' title='bbox 710 2439 857 2482; x_wconf 85' lang='lat' dir='ltr'><strong>divinae</strong></span> <span class='ocrx_word' id='word_1_251' title='bbox 879 2441 1111 2498; x_wconf 83' lang='lat' dir='ltr'><strong>praesentiae</strong></span> <span class='ocrx_word' id='word_1_252' title='bbox 1125 2474 1135 2490; x_wconf 85' lang='lat'><strong><em>.</em></strong></span> <span class='ocrx_word' id='word_1_253' title='bbox 1156 2449 1205 2484; x_wconf 79' lang='lat' dir='ltr'><strong>et</strong></span> <span class='ocrx_word' id='word_1_254' title='bbox 1229 2441 1407 2499; x_wconf 84' lang='lat' dir='ltr'><strong>gratiam</strong></span> <span class='ocrx_word' id='word_1_255' title='bbox 1428 2440 1557 2485; x_wconf 90' lang='lat' dir='ltr'><strong>Verbi</strong></span> <span class='ocrx_word' id='word_1_256' title='bbox 1579 2440 1693 2483; x_wconf 66' lang='lat' dir='ltr'><strong>salu-*-</strong></span> 
     </span>
     <span class='ocr_line' id='line_1_33' title="bbox 331 2508 1690 2569; baseline 0.005 -18"><span class='ocrx_word' id='word_1_257' title='bbox 331 2508 431 2551; x_wconf 70' lang='lat' dir='ltr'><strong>ta&#39;ris</strong></span> <span class='ocrx_word' id='word_1_258' title='bbox 453 2517 643 2568; x_wconf 83' lang='lat' dir='ltr'><strong>exoptet,</strong></span> <span class='ocrx_word' id='word_1_259' title='bbox 674 2510 975 2553; x_wconf 87' lang='lat' dir='ltr'><strong>commacerari</strong></span> <span class='ocrx_word' id='word_1_260' title='bbox 1006 2511 1122 2569; x_wconf 88' lang='lat' dir='ltr'><strong>quod</strong></span> <span class='ocrx_word' id='word_1_261' title='bbox 1146 2525 1240 2554; x_wconf 86' lang='lat' dir='ltr'><strong>sero</strong></span> <span class='ocrx_word' id='word_1_262' title='bbox 1273 2511 1435 2562; x_wconf 86' lang='lat' dir='ltr'><strong>veniat,</strong></span> <span class='ocrx_word' id='word_1_263' title='bbox 1468 2519 1512 2555; x_wconf 87' lang='lat' dir='ltr'><strong>et</strong></span> <span class='ocrx_word' id='word_1_264' title='bbox 1540 2509 1690 2569; x_wconf 76' lang='lat' dir='ltr'><strong>affligi:</strong></span> 
     </span>
    </p>
   </div>
   <div class='ocr_carea' id='block_1_3' title="bbox 376 2599 969 2641">
    <p class='ocr_par' dir='ltr' id='par_1_5' title="bbox 376 2599 969 2641">
     <span class='ocr_line' id='line_1_34' title="bbox 376 2599 969 2641; baseline 0.005 -10"><span class='ocrx_word' id='word_1_265' title='bbox 376 2604 388 2621; x_wconf 80' lang='lat'>⁸</span> <span class='ocrx_word' id='word_1_266' title='bbox 406 2599 490 2632; x_wconf 84' lang='lat' dir='ltr'><strong>Gen.</strong></span> <span class='ocrx_word' id='word_1_267' title='bbox 511 2610 608 2641; x_wconf 81' lang='lat' dir='ltr'><strong>xxm,</strong></span> <span class='ocrx_word' id='word_1_268' title='bbox 626 2601 680 2634; x_wconf 86' lang='lat'><strong>60.</strong></span> <span class='ocrx_word' id='word_1_269' title='bbox 695 2619 735 2625; x_wconf 92' lang='lat'><strong>—-</strong></span> <span class='ocrx_word' id='word_1_270' title='bbox 753 2610 766 2625; x_wconf 80' lang='lat'><em>²</em></span> <span class='ocrx_word' id='word_1_271' title='bbox 788 2603 880 2634; x_wconf 86' lang='lat' dir='ltr'><strong>Cant.</strong></span> <span class='ocrx_word' id='word_1_272' title='bbox 898 2612 923 2641; x_wconf 85' lang='grc' dir='ltr'><strong>ι,</strong></span> <span class='ocrx_word' id='word_1_273' title='bbox 942 2611 969 2634; x_wconf 89' lang='grc' dir='ltr'><strong>ι.</strong></span> 
     </span>
    </p>
   </div>
  </div>
 </body>
</html>
