1780 3120
257 261 351 316 484
809 272 842 301 s,
880 269 1074 302 Amnnosn

260 354 445 399 dicinam
461 358 680 410 expetunt,
694 349 769 393 sed
780 350 974 409 plerique
988 349 1220 409 refugiunt,
1236 363 1290 392 ne
1304 346 1630 392 medicamentis

265 429 577 482 compungatur
592 420 653 465 vis
664 420 835 471 ulceris,
851 420 946 464 ideo
963 421 1151 464 volentes
1169 428 1312 470 curat,
1330 433 1415 462 non
1441 417 1632 477 astringit

262 495 430 540 invitos.
467 491 695 550 Accipiunt
721 491 850 550 igitur
870 491 1093 534 sanitatem
1123 491 1195 548 qui
1219 489 1475 533 medicinam
1505 502 1634 547 expe-

266 573 388 611 tunt:
415 564 645 612 illiautem,
669 561 742 620 qui
763 561 949 605 refutant
964 562 1181 605 medicum
1203 575 1283 604 nec
1300 560 1537 618 requirunt,
1561 558 1635 601 bo-

268 637 442 680 nitatem
455 633 627 683 medici,
638 647 765 691 quam
778 634 863 675 non
874 631 1167 692 experiuntur,
1181 630 1336 674 sentire
1346 637 1629 688 nonpossunt.

270 707 355 759 Qui
374 712 515 748 autem
539 711 736 753 curatur,
762 703 891 746 etiam
919 710 1090 746 sanatur
1103 720 1114 752 ;
1135 702 1317 760 ideoque
1333 700 1399 744 his
1420 701 1558 744 bonus
1574 709 1638 744 est

269 776 480 826 medicus,
497 790 602 832 quos
624 772 796 817 sanavit.
823 773 899 817 His
917 773 1045 832 igitur
1065 773 1204 817 bonus
1222 780 1286 816 est
1305 772 1512 823 medicus,
1533 783 1638 830 quos

270 847 441 890 sanavit.
465 846 536 889 His
553 845 679 904 igitur
692 846 830 888 bonus
845 853 909 888 est
923 845 1054 895 Deus,
1072 844 1226 903 quibus
1243 851 1418 903 peccata
1442 841 1636 887 donavit:

269 918 340 976 qui
359 929 499 960 autem
523 916 755 960 insanabile
777 924 1003 976 peccatum
1031 915 1162 959 habet
1181 914 1335 958 mentis
1363 929 1448 957 suae
1469 914 1613 960 ulcere
1627 945 1638 962 ,

272 988 486 1047 quomodo
503 994 644 1046 potest
659 987 877 1030 medicum
894 987 1055 1030 bonum
1072 986 1298 1037 aestimare,
1320 999 1448 1044 quem
1464 982 1643 1043 refugit?

272 1057 457 1102 Pulchre
480 1057 623 1114 itaque
635 1056 878 1115 Apostolus,
899 1066 946 1101 ut
962 1057 1258 1117 praemisimus,
1274 1055 1526 1115 explanavit,
1546 1055 1643 1112 quia

273 1137 315 1172 et
326 1127 524 1171 omnibus
537 1127 676 1170 bonus
689 1135 752 1170 est
765 1127 897 1177 Deus,
913 1145 929 1167 α
944 1128 1028 1180 Qui
1042 1129 1133 1171 vult
1148 1142 1296 1170 omnes
1305 1126 1500 1170 homines
1513 1127 1646 1169 salvos

275 1199 396 1242 »fieri
413 1197 424 1220 ¹
444 1215 455 1247 ;
485 1216 501 1237 n
533 1206 575 1240 et
595 1197 779 1241 maxime
805 1197 1004 1242 fidelibus
1028 1199 1180 1242 divinae
1207 1197 1409 1242 bonitatis
1433 1212 1647 1257 praeroga-

277 1270 360 1313 tiva
383 1275 573 1310 servatur
588 1300 599 1317 ,
623 1267 779 1325 quibus
799 1275 842 1311 et
863 1270 1058 1312 voluntas
1080 1268 1158 1312 Dei
1180 1269 1413 1327 opitulatur
1433 1275 1475 1311 et
1497 1267 1642 1326 gratia.

278 1340 364 1384 Sed
384 1346 426 1382 et
441 1337 659 1380 Psalmista
677 1337 881 1382 dicendo:
899 1356 915 1378 ιι
931 1338 1074 1392 Quam
1084 1338 1224 1382 bonus
1240 1338 1356 1382 Deus
1371 1338 1503 1383 lsrael
1523 1337 1649 1381 rectis

280 1411 437 1454 »corde
464 1409 474 1450 ἔ
501 1427 517 1449 »
554 1409 607 1451 ad
635 1407 823 1466 ipsorum
851 1385 1106 1452 sententiam
1136 1408 1305 1458 retulit,
1340 1407 1413 1467 qui
1447 1407 1568 1451 aliter
1599 1407 1651 1450 de

278 1481 370 1525 Deo
400 1478 554 1522 sentire
575 1493 662 1522 non
684 1488 869 1531 norunt,
892 1479 972 1524 nisi
993 1479 1091 1539 quia
1122 1481 1263 1525 bonus
1288 1480 1341 1525 ad
1370 1478 1514 1523 omnia
1539 1486 1583 1523 et
1609 1477 1651 1521 in

284 1549 482 1594 omnibus
502 1556 578 1591 est.

334 1678 344 1692 ι
369 1679 380 1701 ι
400 1667 535 1701 Timar.
