1780 3120
340 257 426 316 Λαίς
889 265 932 299 ss
961 264 1155 300 Amnnosu

337 355 522 414 recepit,
548 359 595 396 ut
615 363 758 395 servus
780 342 924 400 fieret3
954 350 1091 393 omnis
1108 348 1220 391 enim
1248 346 1319 405 qui
1333 344 1432 392 facit
1452 350 1703 411 peecatum,

336 443 478 471 servus
500 434 563 469 est
585 423 763 483 peccati.
788 423 909 465 Unde
924 421 992 463 ille
1015 421 1056 463 in
1074 419 1251 463 terrenis
1268 421 1483 466 remansit.
1505 422 1597 466 Hoc
1608 436 1708 481 pau-

336 500 427 559 peri
450 512 576 541 nemo
598 497 719 538 tollat
738 493 1060 542 vestimentum3
1089 499 1160 534 aut
1182 492 1214 534 si
1244 492 1411 542 tulerit,
1437 495 1501 537 sol
1522 508 1607 536 non
1630 486 1709 537 ocss

338 572 453 615 cidat
483 583 609 627 super
638 565 945 624 despoliatum:
971 580 1070 607 eum
1096 572 1192 605 ante
1229 563 1447 614 restituat,
1474 581 1528 608 ne
1552 579 1709 624 peeca-

294 651 299 654 ’
338 651 432 686 tum
453 638 651 700 pauperis
674 634 915 680 foeneratori
939 635 1070 692 possit
1086 633 1264 683 ascribi,
1286 642 1328 676 et
1348 649 1433 677 non
1451 636 1589 678 solum
1609 651 1707 685 suo,

341 713 416 755 sed
432 711 561 754 etiam
579 708 714 752 alieno
736 706 912 765 incipiat
939 705 1133 748 laborare
1157 712 1347 762 peccato.
1384 705 1475 748 Hoc
1494 705 1646 764 pignus
1662 705 1711 748 in

340 783 421 825 hac
446 779 588 824 saeculi
616 786 744 821 nocte
764 776 993 826 reddatur,
1028 776 1111 819 hoc
1139 775 1388 819 vestimento
1409 775 1453 818 in
1476 775 1542 820 his
1561 775 1712 820 mundi

342 852 527 896 tenebris
540 851 756 893 induatur.

396 921 591 967 LXXVI.
630 921 722 964 Hoc
742 919 894 979 pignus
914 918 1025 961 illius
1043 916 1268 961 dominicae
1285 916 1408 962 sortis
1430 925 1493 962 est
1506 929 1519 968 ‘,
1544 931 1631 961 non
1661 917 1715 961 il-

338 992 419 1036 lius
446 991 682 1036 contrariae.
711 990 909 1049 Legimus
937 989 1051 1032 enim
1075 990 1178 1031 duas
1201 995 1342 1031 sortes
1358 988 1402 1031 in
1423 989 1637 1039 Levitico,
1661 989 1714 1031 de

338 1064 495 1123 quibus
521 1063 684 1107 dictum
701 1069 766 1105 est
784 1077 792 1104 :
810 1079 826 1102 «
851 1061 987 1104 Unam
1010 1061 1100 1104 Deo
1121 1059 1272 1110 facies,
1294 1061 1469 1103 alteram
1490 1059 1716 1104 transmis-

343 1135 495 1179 »sori².
518 1153 534 1176 ι)
556 1132 845 1178 Transmissor
877 1140 1033 1175 sortem
1070 1123 1188 1174 suam
1213 1131 1266 1173 ad
1285 1130 1559 1174 foeneratores
1585 1138 1716 1173 trans-

343 1205 475 1248 mittit
502 1219 512 1246 :
549 1204 656 1247 servi
676 1202 848 1246 Domini
869 1202 1051 1245 insorte
1085 1209 1183 1244 sunt
1210 1200 1379 1244 Christi.
1411 1201 1461 1243 In
1493 1200 1574 1243 hac
1603 1207 1717 1243 sorte

346 1276 601 1320 constitutus
625 1274 767 1318 Aaron
783 1306 794 1324 ‚
834 1272 1056 1317 contrariae
1087 1272 1210 1315 sortis
1239 1271 1426 1315 excludit
1451 1284 1686 1314 aerumnam
1701 1303 1714 1320 ‚

344 1361 442 1390 cum
456 1346 567 1388 inter
583 1345 686 1388 duas
699 1351 839 1403 partes
853 1344 999 1402 populi
1013 1343 1288 1392 constitutus,
1307 1350 1490 1386 mortem
1505 1358 1526 1385 a
1543 1342 1718 1384 defunc-

339 1417 393 1460 tis
414 1431 584 1474 serpere
610 1415 657 1457 in
683 1422 840 1457 sortem
864 1414 1058 1457 vivorum
1091 1412 1156 1456 sui
1190 1413 1380 1471 corporis
1409 1427 1496 1455 non
1526 1410 1718 1470 permisit

343 1487 532 1545 objectu.
569 1484 706 1543 Hujus
738 1485 860 1527 sortis
891 1485 1054 1527 bonum
1090 1483 1243 1542 pignus
1271 1471 1335 1526 est
1364 1482 1496 1527 Verbi
1519 1470 1712 1526 amictus.

345 1558 464 1600 Hanc
480 1554 601 1599 vobis
621 1554 810 1597 tunicam
833 1569 960 1597 nemo
985 1553 1171 1603 auferat,
1201 1553 1414 1596 debitores
1433 1569 1443 1596 ε
1464 1553 1581 1596 hunc
1602 1551 1720 1596 tuni-

330 1620 587 1669 ‘cam-nulli'
608 1623 918 1682 oppigneretis,
953 1623 987 1665 si
1012 1614 1138 1665 vultis
1168 1638 1387 1681 nunquam
1410 1611 1720 1686 turpitudinem

349 1696 555 1739 sustinere
569 1704 653 1744 ,ut
673 1693 891 1736 dormiatis
913 1693 1022 1735 inter
1032 1695 1168 1736 cleros
1192 1694 1302 1737 sicut
1318 1693 1482 1756 Aaron,
1500 1693 1719 1737 donffl'atis

349 1768 461 1810 inter
492 1767 578 1808 duo
610 1763 905 1813 Testamenta,
937 1771 986 1805 ut
1022 1764 1240 1806 dormiatis
1275 1779 1494 1807 501111111111
1490 1751 1721 1828 resurree-
1768 1786 1771 1789 ·

351 1836 502 1885 tionis,
520 1841 563 1878 et
583 1848 656 1878 vos
672 1849 870 1892 reparare
885 1833 1066 1892 possitis.
1085 1835 1176 1878 Hoc
1207 1843 1271 1877 est
1287 1835 1588 1879 vestimentum
1605 1836 1721 1898 quod

354 1906 518 1949 etiamsi
536 1904 878 1964 oppigneraveris
891 1937 902 1955 ,
922 1904 1248 1963 recipiendum
1237 1919 1279 1947 111
1298 1894 1535 1948 Proverbiis
1552 1908 1724 1948 sanetus

356 1976 557 2020 Salomon
580 1977 728 2018 suadet
750 1974 919 2018 dicens:
937 1974 1102 2017 «Aufer
1117 1965 1419 2018 vestimentum
1440 1981 1591 2019 tuum':
1599 1985 1724 2034 prae-

356 2046 485 2090 »terit
501 2045 615 2089 enim
636 2044 905 2103 injuriosus².
923 2063 939 2086 »
1451 2071 1459 2076 ,

415 2115 632 2160 LXXVII.
670 2115 895 2174 Sapientiae
919 2116 1221 2160 vestimentum
1242 2125 1306 2161 est
1327 2133 1379 2161 ex
1400 2118 1483 2163 illis
1503 2105 1726 2180 inaniman-

356 2186 408 2229 tis
422 2218 451 2235 ‚
446 2200 546 2243 quae
565 2200 617 2227 ex
637 2184 764 2243 bysso
788 2193 830 2228 et
845 2201 1034 2244 purpura
1051 2187 1263 2245 Sapientia
1282 2188 1361 2231 sibi
1383 2188 1511 2232 fecit·-
1503 2178 1633 2232 hoe
1625 2195 1721 2238 -,est

358 2256 658 2300 indumentum
688 2255 788 2298 fidei
812 2265 977 2299 constat
1006 2273 1059 2300 ex
1079 2255 1380 2316 praedicatione
1398 2259 1668 2308 coelestium,
1666 2258 1725 2302 et

364 2326 587 2370 dominicae
616 2326 821 2384 sanguine
848 2327 1088 2385 passionis:
1113 2329 1239 2386 bysso
1260 2329 1443 2373 aetherea
1458 2319 1722 2388 figurantur,

331 2426 332 2429 =
358 2412 559 2457 purpurae
576 2397 716 2456 specie
736 2398 989 2455 mysterium
1007 2394 1346 2459 sacrisanguinis
1365 2400 1623 2451 declaratur,
1635 2414 1724 2459 quo

359 2483 540 2528 regnum
564 2470 735 2512 coeleste
758 2470 986 2514 confertur.
1016 2471 1209 2530 Denique
1233 2472 1534 2518 vestimentum
1558 2463 1726 2537 sapien

403 2642 418 2672 ,¹
440 2574 549 2684 Lessit.
565 2644 634 2674 xvi,
652 2634 702 2670 18.
718 2652 759 2661 -
775 2644 788 2661 ι
805 2634 904 2670 Prov.
921 2645 1023 2679 xxvu,
1043 2635 1092 2670 13.
