1780 3120
134 253 187 280 DE
220 251 596 281 nmmmcrtounws
627 250 1000 283 rnmuncutnru.
1037 254 1160 284 uun
1190 248 1306 285 UBUS.
1354 240 1438 285 265

134 330 286 375 XLIII.
335 330 516 374 Sanctus
561 331 801 390 patriarcha
845 332 1118 392 Nephthalim
1156 343 1247 379 erat
1281 337 1444 396 palmes

78 401 310 445 abundans.
344 401 463 444 Unde
483 401 645 459 Moyses
666 402 769 444 dicit
788 417 799 444 :
816 421 833 442 ι
851 402 1123 461 Nepbthalim
1144 405 1312 449 satietas
1334 405 1443 450 acci-

0 480 2 522 ζ
78 470 329 529 »pientium,
366 470 598 529 replebitur
631 471 929 517 benedictione
954 487 977 515 a
1004 472 1206 524 Domino,
1245 491 1363 518 mare
1397 483 1443 519 et

1 578 3 580 ,
78 559 97 581 ι
110 540 285 584 africum
305 541 581 600 possidebit¹,
599 557 843 601 »exponens
862 542 947 587 hoc
966 545 1084 602 quod
1101 543 1238 588 Jacob
1260 546 1439 594 dixerat,

0 658 5 673 t
79 611 184 670 quid
209 612 262 655 sit
291 612 386 655 vitis
415 612 612 663 remissa,
635 613 719 656 hoc
739 621 819 663 est,
847 629 924 672 per
943 612 1042 657 fidei
1062 614 1241 673 gratiam
1260 615 1440 659 vinculis

0 689 5 715 ῑ·
78 682 227 726 mortis
238 691 389 726 exutus
407 699 418 724 ι
442 684 485 726 iu
505 698 592 742 quo
612 683 874 742 significatur
894 686 1077 744 populus
1097 685 1177 728 Dei
1199 686 1253 729 ad
1272 685 1442 729 liberta—

80 762 167 798 tem
186 752 302 804 fidei,
324 762 368 797 et
387 754 629 798 ubertatem
651 763 824 808 vocatus
844 755 989 814 gratiae
1007 763 1099 799 toto
1117 756 1223 799 orbe
1244 754 1438 806 diffusus,

81 824 155 882 qui
175 823 326 884 jugum
349 824 507 868 Christi
530 826 643 869 hono
662 826 807 869 fructu
822 826 987 876 vestiat,
1007 835 1052 870 et
1071 826 1183 885 ligna
1202 841 1312 869 verte
1331 825 1444 870 illius

0 890 4 940 ἱ
82 893 194 944 vitis,
212 895 295 938 hoe
308 903 388 944 est,
403 896 604 953 mysteria
620 897 845 940 dominicae
860 897 999 940 crucis
1015 897 1190 947 ambiat,
1201 911 1282 940 nec
1299 894 1447 940 timeat

82 965 356 1008 consessionis
375 966 468 1023 ejus
490 967 751 1025 periculum,
778 970 853 1011 sed
873 969 1004 1027 magis
1023 968 1152 1011 etiam
1176 968 1219 1011 in
1243 983 1447 1027 permen-

82 1036 271 1079 tionibus
289 1036 451 1095 positus
465 1035 623 1080 Christi
639 1037 814 1081 nomine
828 1038 1045 1097 glorietur.
1438 1077 1443 1081 .

0 1106 15 1168 [4
142 1105 291 1150 XLIV.
327 1105 406 1149 liic
421 1114 487 1150 est
506 1121 605 1150 vere
625 1108 828 1151 remissus
844 1123 867 1150 a
884 1108 1063 1152 vinculis
1075 1141 1087 1159 ‚
1107 1109 1179 1167 qui
1201 1110 1319 1152 nullo
1333 1123 1447 1152 nexu

0 1170 24 1236 {-
86 1175 323 1220 formidinis
337 1176 543 1235 alligetur.
572 1178 693 1221 Unde
712 1187 756 1222 et
774 1177 987 1238 Propheta
1004 1178 1133 1222 dicit:
1149 1197 1165 1218 ι
1181 1177 1384 1228 Exibunt.
1406 1185 1451 1222 et

86 1246 415 1306 »tripudiabunt
434 1248 545 1291 sicut
564 1247 685 1291 vituli
714 1249 886 1293 resoluti
907 1247 1124 1293 vincnlis'.
1150 1267 1168 1290 ι
1193 1249 1380 1308 Ideoque
1406 1248 1451 1292 in

11 1354 19 1368 v,
90 1316 282 1376 germine
300 1332 377 1360 suo
396 1318 596 1361 decorem
618 1319 811 1378 porrigit,
832 1320 930 1378 quia
947 1319 990 1362 in
1011 1321 1108 1363 loco
1127 1333 1295 1378 pascuae
1316 1320 1452 1381 colloft

89 1395 225 1436 catus,
237 1394 282 1430 et
294 1402 423 1447 super
436 1403 588 1447 aquam
605 1389 847 1433 refectionis
859 1391 1081 1440 educatus,
1096 1404 1176 1448 per
1190 1396 1454 1432 sacramenta

0 1454 20 1526 J
90 1458 417 1516 regenerationis
447 1474 534 1502 suae
562 1459 772 1518 germinat
799 1459 964 1502 ho'num
997 1458 1115 1513 verbi
1147 1459 1374 1508 decorem,
1407 1466 1453 1502 et

0 1518 24 1586 ῗξ
91 1528 321 1571 assumitur
353 1528 543 1572 in'fflam
578 1530 909 1588 pulcherrimam
948 1529 1106 1573 Christi
1142 1530 1343 1590 gratiam,
1378 1529 1454 1588 qui

19 1608 28 1633 2
92 1607 231 1658 potest
250 1607 513 1642 venustatem
534 1599 596 1642 tui
617 1600 781 1643 decoris
796 1616 965 1659 augere.

8 1723 28 1734 „¹
154 1669 281 1713 XLV.
317 1668 511 1727 Denique
530 1685 658 1729 snper
676 1686 824 1714 omnes
849 1670 1053 1720 decorus,
1079 1671 1196 1729 quod
1223 1670 1353 1714 habet
1374 1672 1455 1714 do-

12 1739 32 1801 J
94 1748 191 1788 nan
216 1738 315 1797 quia
340 1754 467 1783 nemo
494 1748 635 1799 potest
661 1743 820 1785 donare
846 1742 962 1799 quod
990 1756 1077 1784 non
1096 1741 1239 1784 habet.
1267 1741 1456 1799 Ideoque

18 1841 30 1851 μ»
90 1809 258 1853 dictum
273 1818 362 1853 est:
377 1828 396 1850 ι
408 1811 616 1854 Dominus
635 1812 845 1870 regnabit,
866 1813 1067 1855 decorem
1088 1810 1264 1854 induit'.
1284 1811 1458 1854 »Induit

92 1879 213 1924 euim
238 1883 438 1924 decorem
467 1882 667 1925 Ecclesiae
692 1883 841 1941 gratia,
866 1898 960 1940 quae
977 1883 1020 1925 in
1042 1883 1114 1925 illo
1134 1883 1301 1924 lavacro
1323 1883 1459 1940 depo-

8 1950 39 2006 ?
98 1965 203 1993 nens
231 1950 468 1994 foeditatem
506 1953 700 1995 omnium
735 1953 989 1996 delictorum
1005 1985 1017 2001 ,
1057 1953 1282 2011 splendore
1316 1951 1460 2010 gratiae

14 2026 25 2055 ἒ·
99 2021 283 2064 coelestis
309 2021 473 2065 enituit.
504 2024 689 2081 Ideoque
714 2038 893 2082 sponsus
913 2024 966 2066 de
986 2037 1035 2066 ea
1057 2022 1187 2065 dicit:
1216 2039 1233 2061 ι
1250 2022 1458 2075 Quaenam

100 2100 195 2135 »est
212 2092 304 2135 haec
324 2092 584 2151 prospiciens
598 2101 797 2152 tanquam
814 2094 1068 2142 diluculum,
1092 2094 1227 2136 electa
1247 2092 1357 2136 sicut
1379 2086 1458 2141 sol,

24 2194 43 2226 ¹„
98 2182 118 2204 ι
129 2162 317 2223 speciosa
330 2163 440 2207 sicut
454 2165 575 2214 luna,
593 2165 847 2208 miraculum
865 2164 974 2207 sicut
988 2162 1203 2206 ornatus⁴.
1224 2181 1240 2203 ι

149 2261 160 2277 ¹
182 2253 278 2287 Dent.
297 2264 418 2294 xum,
433 2254 484 2288 23.
500 2272 542 2280 —
555 2264 570 2281 ⁸
586 2255 702 2288 Balac-
723 2266 770 2295 iv,
784 2255 819 2288 6.
834 2273 877 2281 —
894 2257 909 2279 ³
923 2254 1009 2288 Psal.
1023 2264 1105 2295 ιω,
1122 2263 1152 2286 ι.
1167 2270 1210 2278 -
1223 2254 1236 2281 ⁴
1251 2251 1351 2285 Cant.
1369 2230 1462 2295 ing.
