1780 3120
331 267 420 322 444
882 279 912 309 s.
955 260 1145 312 Anemosa

331 444 702 464 κΜωὶ-Ἇιιὶω
717 446 1514 461 ΜἱἊΟΨὶἏὮΜΒἏΜΟἈΩΨΟἏΩΟΑΏ-ὌΦἌἏΏ
1533 449 1632 462 ΦΏΗἊ
1658 448 1719 463 m

875 565 1053 612 CAPUT
1085 566 1156 611 IV.

336 711 426 765 Qui
449 707 626 752 turbari
645 723 689 752 se
707 707 809 752 boni
831 708 1063 752 consulunt
1081 723 1148 753 eos
1168 709 1292 752 exire
1311 723 1367 752 σευ
1384 708 1588 771 AEgypto,
1610 727 1713 769 quoe

389 795 467 836 per
496 779 746 822 «lor-danem
772 779 1032 838 designatur
1053 795 1065 822 .·
1098 796 1176 837 per
1197 795 1299 823 eum
1321 779 1525 840 fluvium
1543 781 1710 827 adum-

393 849 517 893 brari
530 850 666 893 etiam
687 849 936 900 Christum,
960 850 1075 907 quod
1091 866 1246 908 nempe
1264 851 1470 894 cordium
1487 852 1711 911 cogitatio-

389 936 463 964 nes
483 931 701 980 penetret,
720 931 760 964 et
776 921 957 966 Sanctis·
974 916 1200 965 terrenam
1218 923 1278 965 ad
1295 923 1506 967 coelestem
1531 923 1607 967 div
1616 924 1713 968 idac

383 992 713 1050 possessionum.
749 993 847 1035 1100
877 1003 1031 1037 tamen.
1059 993 1239 1036 Christo
1270 994 1504 1037 convenire
1522 1026 1533 1047 ,
1571 995 1712 1039 Patre

393 1077 484 1105 non
495 1063 671 1106 excluso
677 1081 694 1115 ;
707 1073 746 1106 et
758 1062 823 1106 ibi
833 1064 943 1120 quid
950 1079 1029 1121 per
1036 1064 1071 1108 S
1075 1065 1260 1108 icimam
1270 1065 1391 1123 signi
1392 1062 1554 1123 fi'oetur
1563 1065 1713 1109 Plcem

394 1134 629 1182 Christum
651 1144 846 1177 montem
866 1135 1001 1194 fuisse
1028 1151 1247 1196 magnum
1274 1151 1355 1195 per
1375 1136 1676 1180 Divinitatem
1697 1170 1711 1188 ,

390 1206 619 1251 modicam
631 1220 711 1263 per
727 1205 1105 1256 incarnationem,
1124 1221 1261 1264 quam
1274 1222 1376 1248 cum
1392 1206 1483 1250 Lex
1501 1215 1625 1250 vetus
1641 1206 1707 1248 ad

393 1277 592 1322 homines
611 1275 896 1319 redimendos
916 1292 1009 1319 non
1024 1277 1260 1337 sufficeret,
1284 1276 1595 1336 Evangelium
1613 1276 1712 1320 itta-

400 1359 527 1392 turus
544 1356 790 1405 susceptam
808 1346 963 1390 voluit.

394 1485 509 1530 XIV.
557 1502 573 1524 ιι
588 1484 839 1528 Pnoprssam
852 1518 863 1535 ‚
883 1485 1043 1544 inquit,
1068 1502 1235 1533 memor
1250 1505 1325 1534 ero
1345 1491 1424 1540 tui,
1442 1491 1641 1542 Domine,
1660 1493 1714 1536 tle

337 1566 478 1601 »terra
498 1555 697 1599 Jordanis
719 1564 763 1599 et
780 1556 1045 1601 Hermoniim
1060 1557 1089 1602 ¹.
1114 1578 1130 1600 n
1143 1559 1308 1604 Memor
1325 1570 1389 1605 est
1412 1562 1464 1606 de
1485 1570 1596 1607 terra
1613 1562 1714 1606 Jor-

340 1628 474 1676 danis,
501 1626 544 1669 in
566 1641 648 1684 quo
678 1626 811 1685 gratia
833 1629 1084 1673 memoriam
1109 1632 1347 1676 devotionis
1377 1635 1632 1678 accumulat.
1663 1634 1713 1678 In

337 1700 570 1742 Jordanem
592 1697 780 1741 Naaman
802 1697 934 1755 Syrus
951 1698 1022 1742 ille
1039 1700 1275 1752 descendit,
1296 1711 1339 1747 et
1356 1705 1542 1748 mundus
1560 1720 1582 1747 a
1596 1706 1713 1764 lepra

339 1770 475 1813 sactus
497 1776 572 1811 est.
600 1768 648 1810 In
667 1766 854 1811 Jordane
874 1769 1112 1829 baptizatus
1128 1780 1191 1815 est
1212 1773 1421 1825 Christus,
1443 1776 1614 1833 quando
1631 1776 1716 1818 for·

342 1856 455 1884 mam
473 1839 628 1883 lavacri
645 1840 837 1883 salutaris
859 1840 1052 1886 instituit.
1075 1843 1274 1888 Jordanis
1291 1861 1448 1890 nomen
1467 1847 1712 1891 descensio-

340 1928 438 1954 nem
466 1909 696 1969 significat,
720 1925 803 1969 qua
831 1912 1052 1956 descendit
1072 1914 1280 1958 Dominus
1299 1915 1442 1967 Jesus,
1467 1917 1541 1975 qui
1563 1933 1584 1959 a
1607 1933 1714 1961 con-

341 1983 451 2041 tagio
475 1981 730 2024 delictorum
747 1981 908 2025 vicinos
922 1983 1122 2028 Jordanis
1143 1986 1331 2030 fluminis
1348 1989 1607 2031 emundavit.
1635 1988 1712 2033 Hic

343 2052 498 2096 fluvius
514 2052 599 2095 exit
623 2053 676 2095 de
695 2053 901 2111 AEgypto,
928 2063 972 2098 et
989 2047 1145 2100 ‘dividit
1169 2065 1327 2102 terram
1353 2059 1704 2118 repromissionis.

343 2125 454 2183 Ergo
469 2124 543 2182 qui
559 2124 772 2174 turbatur,
794 2124 826 2167 si
847 2125 950 2168 boni
971 2128 1171 2178 consulit,
1192 2130 1244 2187 de
1263 2130 1446 2190 AEgypto
1463 2131 1564 2182 exit,
1587 2139 1631 2175 et
1646 2147 1709 2175 se-

343 2195 486 2253 quitur
501 2195 612 2237 viam
629 2194 747 2237 lucis.
767 2195 1030 2240 Hermoniim
1043 2199 1170 2242 etiam
1189 2199 1296 2244 viam
1309 2203 1495 2246 lucemae
1512 2203 1715 2262 interpre-

346 2266 419 2309 tati
437 2273 547 2308 sunt,
574 2265 650 2308 Exi
669 2281 770 2324 ergo
790 2267 908 2325 prius
932 2284 984 2312 ex
1008 2270 1217 2329 AEgypto,
1249 2272 1283 2315 si
1305 2271 1366 2316 vis
1387 2268 1533 2317 lumen
1556 2273 1713 2317 Christi

347 2336 504 2379 videre.
543 2336 680 2379 Exivit
708 2336 944 2381 Chananaea
966 2355 989 2382 a
1010 2339 1166 2385 finibus
1190 2343 1406 2401 gentium,
1431 2352 1475 2388 et
1496 2344 1713 2388 Christum

353 2405 527 2461 invenit,
548 2405 616 2448 cui
635 2406 815 2451 dicebat.
844 2410 1068 2455 «Miserere
1084 2413 1186 2463 mei,
1207 2413 1266 2457 fili
1284 2413 1465 2458 David21
1484 2433 1500 2456 u
1524 2414 1661 2459 Exivit
1671 2423 1714 2459 et

346 2475 511 2534 Moyses
527 2491 579 2518 ex
598 2476 798 2536 AEgypt0‚
822 2488 865 2523 et
889 2480 1100 2541 Propheta
1122 2484 1257 2528 sactus
1273 2493 1353 2535 est,
1378 2494 1421 2530 et
1440 2486 1639 2530 remissus
1660 2487 1713 2532 ad

344 2547 547 2608 populum
561 2579 572 2596 ‚
599 2555 646 2590 ut
670 2550 724 2593 de
742 2558 855 2595 terra
877 2553 1117 2600 afflictionis
1139 2556 1298 2602 animas
1318 2571 1471 2604 eorum
1491 2557 1705 2604 liberaret·

394 2647 404 2665 τ
426 2637 511 2676 Psal.
527 2650 592 2680 xm,
611 2651 642 2685 7.
660 2658 701 2669 —-·
715 2652 729 2668 ²
748 2643 869 2680 Mauh.
887 2656 941 2687 xv,
962 2658 1012 2683 22.
