1780 3120
345 227 399 262 ιιι
431 226 628 262 nnuma
658 227 930 261 :snitu-n.
966 228 1089 262 unna
1117 226 1238 261 nnus.
1386 200 1475 279 335

109 306 231 356 &liter
250 322 336 356 non
357 310 547 371 potestis.
582 311 724 364 Quem
745 312 928 354 ultorem
957 310 1139 359 timetis,
1161 309 1288 354 facite
1308 309 1479 355 debito-

107 395 214 429 rem.
237 400 255 422 ι
271 380 365 426 Non
371 381 614 443 accipiam,
640 381 695 424 ἰιι
685 381 803 440 luit,
821 382 873 424 de
896 381 1023 424 domo
1048 389 1116 424 tua
1137 380 1313 430 vitulos,
1338 397 1477 441 neque

106 442 194 497 »de
210 452 414 513 gregibus
435 451 518 495 tuis
537 451 702 501 bircos;
733 451 935 510 quoniam
956 467 1062 494 meae
1084 460 1182 494 sunt
1203 438 1352 495 omnes
1379 452 1479 497 serae

107 521 393 582 §sylvarumfl
423 541 441 561 ι
468 521 688 580 Quidquid
714 521 972 572 obtuleritis,
1002 522 1167 580 inquit,
1201 538 1348 566 meum
1380 531 1468 572 est,

103 583 207 651 fiilia
224 597 339 635 totus
361 590 476 635 orbis
496 607 617 635 meus
637 599 715 636 est.
745 591 840 636 Non
861 592 983 651 exigo
1012 607 1107 650 qnae
1140 607 1237 636 mea
1257 599 1387 635 sunt:
1410 600 1478 636 est

106 663 224 722 quod
244 663 297 706 de
313 671 453 707 vestro
468 662 575 706 mihi
588 662 756 722 possitis
770 661 947 712 offerre,
966 663 1157 706 studium
1175 662 1416 706 devotionis
1437 671 1484 706 et

105 730 221 776 fidei.
236 731 331 777 Non
347 731 653 779 sacrificiorum
670 732 902 778 ambitione
917 733 1133 778 delector·
1153 735 1475 784 tantummodo,

119 803 188 849 «Ο
203 791 352 854 bomo,
369 803 543 848 immola
564 803 656 847 Deo
678 802 935 848 sacrificium
958 803 1111 853 laudis,
1134 811 1179 846 et
1198 804 1330 847 redde
1349 803 1480 848 Altis-

106 874 248 919 »simo
264 881 363 918 vota
379 873 495 918 tna².
516 893 533 914 ι

163 943 357 988 LXVIII.
384 943 470 988 Aut
489 953 629 994 certe,
651 960 686 986 ει
673 944 865 1003 placet,
882 945 943 988 sic
958 944 1230 1004 accipiamus.
1257 945 1478 998 Quoniam

108 1014 219 1063 «lixit,
245 1014 509 1059 obdormisse
546 1029 746 1057 somnum
776 1031 902 1058 suum
940 1016 1091 1059 divites
1112 1047 1125 1065 ,
1161 1016 1479 1074 increpationes

107 1083 311 1144 praemisit
338 1078 511 1128 Domini
539 1084 584 1127 in
608 1100 702 1135 eos,
729 1093 938 1130 terrorem
975 1086 1216 1135 subtexuit,
1238 1087 1479 1144 potentiam

108 1154 378 1215 praedicavit,
405 1155 475 1198 cui
503 1170 583 1198 nec
614 1156 765 1199 divites
790 1156 1013 1207 resistant3
1044 1171 1275 1200 conversus
1301 1157 1356 1200 ad
1379 1156 1483 1199 uni-

108 1240 252 1269 versos
291 1225 349 1269 ait
376 1241 387 1268 :
417 1225 577 1269 Divites
609 1225 869 1277 dormitent,
899 1227 1050 1271 divites
1077 1227 1380 1286 increpentur:
1404 1242 1480 1269 vos

122 1295 308 1347 «Orate,
324 1304 369 1340 et
389 1295 555 1340 reddite
566 1296 752 1340 Domino
771 1298 866 1341 Deo
891 1305 1032 1341 vestro
1052 1312 1223 1347 omnes,
1244 1297 1319 1355 qui
1339 1295 1383 1339 in
1405 1296 1486 1340 cir-

110 1386 129 1408 »
141 1367 261 1411 cuitu
280 1367 374 1425 ejus
395 1366 554 1412 affertis
572 1383 752 1411 munera
767 1367 804 1419 ³,
820 1386 840 1410 »
867 1367 918 1429 ‚id
937 1377 1003 1412 est
1019 1401 1032 1418 ,
1055 1368 1209 1428 gratias
1224 1368 1360 1427 agite,
1380 1383 1486 1426 pau·

111 1452 249 1497 peres,
261 1437 360 1497 quia
376 1453 464 1482 non
480 1447 546 1482 est
559 1453 840 1498 personarum
858 1447 1059 1498 acceptor
1072 1439 1199 1482 Deus.
1228 1438 1296 1481 Illi
1318 1437 1484 1481 divitias

112 1516 302 1559 struant,
325 1510 515 1553 condant
534 1509 764 1569 pecuniam
778 1543 791 1560 ,
816 1510 910 1554 auri
930 1518 1132 1570 aggerent
1147 1517 1191 1553 et
1210 1508 1372 1568 argenti
1395 1509 1486 1552 the-

112 1594 288 1624 sauros:
310 1594 386 1623 vos
400 1587 545 1629 orate,
563 1581 638 1640 qui
658 1580 776 1624 aliud
799 1595 888 1624 non
908 1580 1077 1624 habetis
1096 1595 1107 1623 :
1133 1595 1207 1623 vos
1222 1587 1341 1623 orate
1355 1611 1368 1628 ,
1383 1578 1482 1637 qnia

112 1650 198 1694 boc
221 1650 360 1694 solum
388 1650 580 1701 habetis,
607 1651 726 1710 quod
752 1658 818 1694 est
848 1666 952 1694 auro
979 1650 1206 1710 pretiosius
1226 1658 1270 1693 et
1289 1657 1482 1708 argento⁸

112 1719 199 1765 Vos
218 1720 383 1764 reddite
403 1736 580 1764 munera
601 1721 675 1779 qui
697 1736 720 1763 a
740 1720 928 1764 Domino
955 1736 1043 1763 non
1058 1721 1279 1770 receditis,
1297 1720 1371 1778 qni
1388 1719 1487 1762 estis

114 1790 160 1836 in
181 1790 392 1842 circuitu3
424 1791 627 1850 quoniam
654 1791 727 1850 qui
758 1791 887 1835 eratis
917 1793 1067 1850 longe,
1091 1791 1191 1835 sacti
1211 1786 1312 1835 ‘estis
1335 1805 1482 1850 prope.

116 1861 204 1924 Qui
223 1870 366 1905 autem
384 1877 518 1923 prope
540 1862 620 1905 sibi
642 1862 841 1905 videntur
865 1877 959 1917 esse
971 1877 1050 1921 per
1069 1861 1236 1905 divitias
1262 1877 1312 1904 ac
1333 1871 1488 1920 poten-

108 1931 387 2014 >t.ia1n,l‹¹›nge
404 1933 506 1977 facti
528 1940 630 1976 sunt
643 1940 818 1992 propter
837 1931 1069 1975 avaritiam.
1095 1931 1232 1975 Nemo
1252 1931 1369 1974 enim
1385 1930 1487 1974 soris

117 2009 205 2049 est,
233 2001 313 2045 nisi
336 2017 466 2068 quem
493 2003 619 2061 culpa
641 2001 897 2064 excluserit,
915 2010 964 2044 ut
982 2001 1110 2060 ejecit
1130 2001 1267 2045 Adam
1289 2002 1343 2044 de
1366 2016 1491 2059 para-

118 2061 235 2123 diso,
262 2081 308 2131 et
334 2066 515 2116 exclusit
542 2072 690 2117 Evam.
723 2071 859 2117 Nemo
886 2073 1035 2131 longe,
1063 2071 1146 2115 nisi
1169 2087 1299 2131 quem
1329 2065 1489 2130 flagitia

119 2142 290 2206 propria
306 2143 602 2209 relegaverint.

177 2209 334 2259 LXIX.
369 2205 482 2283 Ergo
501 2229 583 2276 vos
576 2228 741 2274 prope
758 2210 885 2273 positi
911 2220 1030 2256 orate
1062 2219 1106 2272 et
1126 2211 1293 2255 reddite
1311 2226 1493 2263 munera

131 2267 392 2334 «Terribili
406 2293 451 2328 et
470 2284 510 2328 ei
529 2280 603 2343 qui
623 2283 762 2328 aufert
782 2283 1026 2345 principum
1058 2273 1278 2343 spiritum,
1310 2270 1493 2325 terribili

120 2355 267 2422 »apud
299 2348 418 2416 roges
446 2355 600 2427 terrae‘
614 2373 666 2407 ς»
699 2372 751 2399 eo
778 2356 896 2414 quod
924 2354 1043 2398 nullo
1075 2344 1311 2416 redimatur
1351 2351 1493 2396 divitis

121 2426 323 2492 praemio,
343 2427 465 2481 nullo
485 2405 730 2495 inflectatur
746 2426 986 2487 potentium
1002 2410 1249 2486 supercilio,
1268 2423 1343 2483 qui
1356 2424 1494 2497 culpae

122 2500 291 2576 pretia
273 2488 563 2552 discnmnat
559 2499 660 2559 qui
680 2515 771 2559 quo
794 2500 912 2575 plus
915 2496 1040 2544 alicui
1050 2487 1308 2574 contulerit,
1330 2511 1382 2538 co
1402 2497 1499 2557 plus

170 2590 858 2640 'PnLuvu1,9‚1o.—lbid14‚-
882 2586 1390 2628 ²1d.=.xv.u.-⁴1bid.13,
