1780 3120
308 256 325 285 1
336 241 393 284 56
850 249 882 279 s.
922 246 1115 280 Aunnosn

304 334 408 377 sciat
425 331 579 375 coelum
602 328 746 372 deberi
762 343 873 371 :non
896 328 939 370 in
956 326 1199 387 captivitate
1220 324 1363 368 civicae
1380 326 1514 385 plebis
1529 328 1677 387 abiecv

302 403 410 452 tior-3
430 402 502 444 sed
523 398 778 456 sicutjudex
799 413 992 446 severus,
1022 395 1259 438 infidelium
1291 395 1515 454 perfidiam
1546 413 1673 442 erro-

300 487 450 530 resque
474 471 781 518 condemnans,
816 475 864 510 ut
884 467 1035 511 Daniel
1059 467 1130 524 qui
1153 467 1419 510 sacerdotum
1441 468 1552 512 furta
1572 484 1681 528 prox

300 542 453 591 (lebat,
490 549 532 583 et
564 539 879 599 superstitiones
916 553 1066 580 eorum
1103 538 1403 596 redarguebat,
1439 542 1673 584 ostendens

296 612 413 653 nulla
440 610 616 653 veritate
639 610 859 659 subnixas,
889 608 962 651 sed
992 608 1212 650 fraudibus
1235 609 1518 653 adumbratas.
1552 611 1673 654 Talis

297 681 361 723 vir
391 689 606 739 postremo
633 688 694 723 est
721 679 956 738 perfectus,
985 678 1057 736 qui
1078 693 1225 721 omnes
1246 680 1347 721 velit
1377 680 1486 722 hene
1517 696 1664 739 agere,

296 750 487 808 nihilque
511 751 709 808 cuiquam
732 750 924 793 accidere
944 749 1063 798 mali3
1089 757 1130 791 ct
1157 749 1190 791 si
1225 758 1378 808 practer
1402 753 1670 795 voluntatem

296 820 388 877 ejus
421 820 646 870 acciderit,
682 821 771 878 ipse
801 829 943 863 tamen
976 821 1030 863 de
1060 820 1231 879 propria
1263 821 1527 865 beatitudine
1557 821 1682 866 nihi}⁴

296 890 472 932 amittat.

350 959 573 1003 XXXVII.
607 960 691 1004 Sed
707 961 816 1005 forte
832 962 979 1020 aliquis
996 971 1117 1021 putet
1133 963 1428 1021 :egritudinem
1447 971 1573 1020 atque
1589 962 1672 1006 im‘
1713 983 1716 986 ⁴
1742 1005 1751 1016 ,

295 1030 570 1073 hecillitatem
609 1032 799 1090 corporis
840 1033 1146 1092 impedimento
1184 1049 1273 1076 esse
1310 1035 1361 1076 ad
1389 1033 1667 1092 perfectionis

292 1114 446 1142 munus
468 1099 756 1159 implendum;
774 1119 825 1146 eo
842 1106 958 1161 quod
970 1119 1055 1146 non
1067 1104 1228 1162 possint
1243 1106 1294 1147 ad
1311 1119 1439 1162 opera
1456 1119 1669 1146 manuum

291 1171 377 1211 ulla
412 1169 606 1228 factaque
635 1174 882 1229 procedere.
923 1173 1083 1218 Verum
1110 1188 1157 1215 ca
1191 1175 1269 1215 sibi
1306 1174 1444 1231 justus
1481 1174 1669 1233 impedi-

294 1249 440 1283 mento
463 1256 553 1284 esse
574 1256 660 1284 non
689 1242 841 1285 sentiet
862 1258 872 1285 ε
899 1243 985 1285 imo
1008 1243 1135 1286 etiam
1158 1259 1257 1286 eum
1279 1243 1351 1302 qui
1371 1260 1420 1287 ea
1440 1245 1672 1288 miserabi-

290 1309 388 1352 liter
409 1311 575 1366 dcsseat‚
597 1312 814 1370 corripiet,
834 1321 876 1356 et
891 1314 1009 1371 quasi
1028 1314 1226 1372 ignavum
1245 1321 1405 1373 arguet,
1431 1316 1547 1373 quod
1567 1317 1667 1373 plns

290 1379 335 1422 in
357 1382 546 1440 corporis
570 1399 675 1433 usu,
702 1399 828 1441 quam
859 1384 902 1427 in
926 1385 1055 1428 animi
1079 1385 1235 1429 virtute
1260 1386 1491 1429 constituat
1511 1401 1522 1429 z
1546 1387 1666 1445 quod

289 1466 337 1493 ea
359 1452 513 1508 quibus
529 1453 698 1504 serviat,
721 1454 954 1506 desideret,
981 1471 1080 1499 cum
1100 1457 1254 1501 habeat
1275 1459 1390 1515 quod
1414 1457 1503 1500 aliis
1529 1457 1669 1516 magis

287 1522 421 1579 possit
438 1523 621 1581 jubere:
648 1526 766 1583 quod
787 1525 830 1568 in
853 1534 1103 1585 paupertate
1134 1527 1405 1586 ingemiscat,
1431 1527 1504 1586 qui
1529 1527 1664 1587 possit

290 1606 416 1649 supra
439 1595 591 1637 mundi
615 1610 716 1654 opes
738 1611 828 1639 esse
847 1611 860 1646 ;
884 1595 1001 1640 fideli
1023 1597 1136 1640 enim
1157 1605 1271 1640 totus
1292 1599 1478 1641 mundus
1501 1598 1666 1642 divitia·

290 1675 387 1704 rum
405 1671 468 1706 est
488 1680 498 1705 ε
522 1666 639 1722 quod
656 1665 963 1724 ignobilitatem
982 1667 1151 1718 defleat,
1176 1668 1246 1727 qui
1270 1669 1423 1712 debeat
1443 1667 1666 1727 despicere

289 1732 425 1789 regias
447 1741 675 1791 pot-estates
690 1768 701 1785 ‚
735 1736 936 1780 divitibus
957 1736 1271 1797 etvpotentibus
1299 1739 1522 1798 imperare.
1558 1739 1662 1782 Haec

292 1802 406 1844 enim
429 1803 513 1846 vita
534 1804 660 1862 justi,
693 1806 765 1864 qui
787 1808 916 1850 etiam
944 1823 1047 1865 quas
1071 1809 1227 1851 habeat
1258 1809 1504 1859 facultates,
1537 1823 1664 1852 com-

287 1885 439 1915 munes
471 1875 681 1918 {estimare
712 1876 865 1920 debeat
891 1894 903 1927 ;
936 1878 1022 1921 imo
1053 1880 1180 1922 etiam
1211 1879 1408 1938 inopibus
1439 1880 1659 1930 dividere,

288 1941 531 2000 dispensare
559 1946 816 2004 pauperibus
833 1980 843 1996 ,
872 1948 1063 1991 recidere
1088 1951 1326 2009 voluptates
1352 1951 1567 2010 proprias,
1590 1958 1663 1994 te-

285 2025 418 2054 nuare
435 2022 651 2072 sumptum
666 2048 677 2065 ,
699 2016 901 2061 adhibere
922 2019 1229 2078 parcimoniam
1253 2021 1568 2079 temperantiae,
1594 2034 1665 2064 so·

284 2079 508 2125 hrictatem
530 2091 675 2128 tenere
698 2086 739 2128 in
763 2089 1000 2147 prosperis,
1029 2090 1277 2148 patientiam
1309 2091 1350 2134 in
1375 2091 1588 2141 adversis,
1612 2091 1661 2135 in

286 2150 431 2194 dolore
448 2155 730 2206 tolerantiam,
753 2159 1142 2217 magnanimitatem
1164 2161 1206 2203 in
1229 2162 1451 2220 perfculis,
1467 2162 1658 2206 sunit-atis

284 2231 501 2286 perpetuae
528 2234 625 2269 vota
655 2228 818 2271 nescire
842 2262 854 2280 ,
892 2231 1041 2274 mortis
1073 2231 1332 2275 imminentis
1374 2240 1541 2285 terrore
1570 2248 1662 2277 non

288 2295 476 2344 concuti,
495 2310 636 2354 neque
657 2313 755 2341 eum
777 2302 1115 2358 praestantiorem
1132 2310 1298 2361 putare,
1319 2302 1391 2360 qui
1418 2302 1662 2346 secundum

286 2372 481 2407 naturam
506 2367 653 2418 liberi,
683 2370 942 2429 propinqui,
968 2373 1217 2423 salubritas,
1245 2373 1414 2423 laetitia,
1441 2373 1675 2416 affluentia-

286 2435 639 2488 rcdundaverint,
672 2454 800 2496 quam
827 2443 897 2485 cui
928 2443 996 2486 illa
1027 2445 1268 2494 defuerint,
1302 2458 1443 2503 neque
1471 2445 1662 2488 externis

285 2505 446 2554 soeculi,
471 2506 545 2549 sed
565 2508 730 2552 virtutis
752 2512 995 2556 domesticis
1015 2515 1165 2558 merita
1189 2523 1397 2574 pensare.'

344 2572 588 2620 XXXVIII.
621 2579 739 2623 Illam
754 2596 923 2641 quoque
940 2584 1119 2630 formam
1136 2586 1239 2645 justi
1255 2602 1346 2631 esse
1358 2585 1452 2645 quis
1468 2586 1662 2638 abnuatg
