1780 3120
648 242 994 275 Anno-ruiens-
1419 230 1507 279 525

139 337 236 369 mos
255 329 349 366 erat
365 333 552 380 pugnare
565 317 720 378 partim
742 320 1160 380 circumequitando,
1189 323 1344 383 partim
1364 339 1512 370 excur-

142 395 278 439 rendo
299 401 343 436 et
362 399 602 451 opportune
620 393 943 436 retrocedendo.
968 393 1054 438 Sed
1082 395 1266 439 maxime
1286 404 1403 456 terga
1418 413 1517 443 ver-

143 471 283 509 tentes
303 476 456 521 magua
480 460 686 504 industria
706 460 855 519 jaculis
879 462 1021 507 hostes
1042 464 1356 510 confodiebant.
1382 466 1513 522 Quod

139 541 287 580 autem
309 534 363 577 ad
384 533 494 576 hanc
520 539 680 575 tantam
711 533 962 576 eorumdem
991 533 1274 595 barbarorum
1296 536 1340 580 in
1360 537 1513 581 ludum

138 603 374 653 insaniam,
398 604 451 647 de
471 603 540 647 illa
558 603 672 662 apud
690 611 888 647 auctores
909 603 1017 648 nihil
1046 605 1220 649 omnino
1240 607 1450 667 reperias;
1467 614 1512 653 et

141 674 394 719 Ambrosius
410 673 498 732 ipse
524 673 569 716 id
588 681 756 716 tantum
774 673 904 716 fando
928 689 1022 718 sese
1043 675 1251 719 audivisse
1281 676 1505 736 significat.

137 741 293 804 Neque
328 744 456 788 etiam
485 744 555 788 hic
582 744 827 788 omittemus
856 754 1113 789 memoratos
1132 749 1313 807 populos
1329 781 1340 798 ‚
1364 748 1437 807 qui
1467 749 1514 793 in

141 814 268 860 editis
287 815 484 858 omnibus
505 814 649 858 Hunni
671 814 940 866 scribuntur,
969 816 1144 859 Chunos
1165 825 1411 861 constanter
1428 818 1513 878 legi

143 884 518 943 inmanuscriptis.
560 884 647 938 Qui
676 886 728 927 de
754 885 835 928 illis
862 887 987 944 plura
1018 901 1276 946 cognoscere
1307 888 1510 939 voluerit,

141 957 270 1000 adeat
306 955 580 1000 Ammianum
611 955 932 1006 Marcellinum,
962 965 1006 999 et
1033 957 1078 1000 in
1117 958 1319 1003 eumdem
1351 958 1510 1005 valesii

144 1040 196 1069 ac
217 1024 519 1085 Lindenbergii
540 1033 683 1069 notas:
704 1026 806 1070 item
829 1025 1115 1072 sozomenum
1128 1059 1141 1078 ,
1157 1027 1422 1074 Jornandem
1437 1062 1449 1079 ,
1466 1039 1511 1077 et

143 1096 262 1141 alios.
303 1100 306 1106 '

506 1258 753 1287 auson-no
788 1244 879 1302 (79)
916 1258 1013 1302 pag.
1050 1243 1151 1288 381.

204 1395 233 1439 1
236 1410 267 1436 n
273 1393 508 1453 procinctu
521 1425 533 1442 ,
549 1392 631 1436 hoc
652 1399 740 1441 est,
761 1392 814 1435 ad
829 1391 1060 1436 ineundam
1080 1407 1268 1452 pugnam
1285 1391 1412 1437 armis
1423 1393 1514 1438 ins—

143 1465 291 1511 tructi.

511 1613 758 1642 Armorum
793 1597 886 1657 (80)
922 1613 1017 1657 pag.
1056 1597 1156 1642 382.

209 1735 490 1803 Hypothcca,
509 1745 574 1778 est
590 1736 797 1793 quidquid
821 1735 1063 1779 soeneratori
1084 1736 1407 1795 oppigneratur,
1431 1738 1516 1781 sive

144 1808 302 1868 pignus
314 1807 518 1864 sitquod‘
507 1823 585 1865 {psl
574 1807 792 1849 ’tradatur
803 1807 1129 1857 asservandum,
1147 1807 1233 1850 sive
1242 1823 1310 1850 res
1320 1807 1516 1851 immobi-

147 1878 306 1937 lisquae
316 1877 456 1921 eidem
474 1890 551 1935 per
571 1877 812 1920 usurarium
836 1877 1167 1920 instrumentum
1178 1878 1403 1936 obligetur.
1429 1877 1518 1922 Nec

145 1949 337 1994 multum
359 1948 525 1992 diverse
543 1963 727 1997 nomen,
754 1947 798 1989 F
800 1947 978 1997 ιάιιοια,
1014 1947 1068 1990 de
1102 1962 1188 2005 quo
1215 1947 1324 1991 infra
1352 1947 1515 2006 agitur,

150 2017 373 2077 significat.
393 2018 500 2062 Vide
513 2018 762 2061 Gothofrcd.
783 2017 825 2059 in
849 2017 922 2060 lib.
944 2032 1006 2060 111.
1039 2016 1146 2061 cod.
1166 2017 1327 2062 Theod.
1353 2017 1434 2062 Tit.
1463 2018 1517 2063 de

149 2086 377 2134 Commiss.
405 2088 587 2132 rescind.
605 2119 617 2138 ,
640 2102 735 2146 pag.
763 2087 845 2130 252
861 2118 874 2136 ,
896 2093 939 2129 et
958 2101 1046 2144 seq.

582 2239 829 2269 Annon-no
867 2225 911 2282 (8
922 2227 960 2286 ι)
995 2224 1098 2269 ibid.

211 2360 441 2411 Echidna,
453 2360 520 2403 vel
534 2366 582 2403 ut
594 2359 637 2402 in
647 2359 948 2419 manuscriptis
955 2360 1164 2412 cebenna,
1175 2362 1319 2420 vipera
1328 2361 1518 2412 foemina3

153 2431 211 2475 de
240 2431 364 2489 cujus
403 2440 527 2490 partu
556 2433 732 2475 consule
761 2430 887 2475 Arist.
936 2431 1012 2476 lib.
1046 2447 1086 2477 v-
1109 2433 1216 2479 Hist.
1254 2433 1379 2477 anim.
1421 2447 1515 2492 cap.

155 2503 234 2546 ult.
259 2501 367 2545 Plin.
388 2502 462 2545 lib.
485 2517 524 2545 x.
544 2501 651 2545 Hist.
676 2509 814 2545 natur.
840 2516 933 2561 cap.
953 2512 1115 2548 xc11.et
1135 2503 1356 2548 alios.11ic
1379 2511 1523 2548 autem

148 2571 375 2630 Ambrosii
392 2573 513 2618 locus
533 2580 648 2618 totus
667 2586 693 2618 e
710 2570 866 2618 Basilio
886 2587 1109 2633 expressus
1125 2581 1207 2619 est.
