1780 3120
298 254 385 303 380
841 272 873 302 s.
911 263 1106 303 Amnem

297 363 400 393 nora
422 349 548 393 etiam
574 349 649 393 ista
675 350 904 407 dicuntur(
929 359 1049 409 rogat
1072 360 1116 394 ut
1140 354 1192 395 ad
1216 352 1369 396 tumuli
1393 353 1535 397 locum
1557 352 1660 398 reli-⁶

296 422 403 478 quiae
429 421 672 464 deserantur
699 436 709 463 :
736 429 837 463 tunc
866 430 1031 463 tantum
1049 422 1132 464 vidi
1155 422 1364 466 humanos
1386 424 1657 469 foeneratores

295 492 456 549 gravari
477 507 569 541 me3
600 501 738 536 tamen
755 508 833 551 ego
855 508 1004 535 eorum
1029 493 1338 537 humanitatem
1365 498 1658 540 memorabam

293 563 549 621 prospicere,
570 579 621 606 ne
638 573 782 621 postea
805 579 848 606 se
862 573 1142 621 quererentur
1164 564 1379 607 fraudatos
1396 581 1504 616 esse,
1522 568 1658 609 donec

293 633 448 676 feretro
471 636 579 677 colla
606 634 803 691 subjecti,
838 634 916 692 ipsi
939 636 1190 677 defunctum
1215 637 1267 677 ad
1300 637 1491 694 sepulcra
1524 638 1660 679 dedu-

295 713 462 754 cerent,
490 705 667 763 graviori
691 720 875 748 moerore
905 705 1108 749 deflentes
1135 706 1326 764 pecuniae
1348 721 1435 750 suae
1458 706 1594 751 funus.

293 875 845 888 ΆῡιἏἏῶιΜ-νιὶνιὶωιὶῶινι
851 875 1034 887 §mss-tntu
1040 875 1096 886 xm
1102 876 1158 887 §u
1165 876 1280 887 unns-x
1288 876 1469 888 *zswsm
1476 876 1535 888 §mv
1554 875 1661 888 §sm

824 979 1003 1024 CAPUT
1033 979 1113 1024 XJ.

297 1124 443 1168 Issum
466 1126 604 1168 etiam
632 1125 688 1168 ab
721 1124 992 1169 aleatoribus
1018 1124 1240 1182 exigitur,
1275 1141 1465 1182 quorum
1488 1127 1539 1168 in
1566 1127 1663 1170 lusu

351 1197 483 1240 varia
495 1198 679 1255 fortuna-
699 1207 777 1246 est,
797 1196 874 1239 sed
897 1196 1071 1239 lucrum
1084 1195 1199 1237 cedit
1217 1197 1489 1254 foeneratori.
1511 1197 1664 1255 Hujus

352 1268 403 1309 in
433 1268 530 1311 illes
561 1278 730 1326 quanta
760 1267 970 1327 tyrannis
992 1299 1003 1315 ,
1035 1276 1074 1308 et
1106 1282 1204 1322 quw
1234 1268 1344 1327 leges
1372 1268 1621 1311 aleatorum
1641 1270 1666 1310 ?

351 1339 575 1382 Postremo
608 1338 906 1382 barbarorum
946 1337 1250 1393 quorumdam
1278 1341 1407 1397 furor
1441 1340 1493 1381 in
1522 1339 1667 1382 aleam

349 1410 629 1454 describitur.

351 1549 595 1594 XXXVIII.
632 1551 765 1596 Amm
783 1568 869 1596 non
886 1553 1062 1596 minoris
1085 1549 1331 1595 acerbitatis
1359 1548 1551 1607 accipite.
1579 1548 1668 1592 Ob-

293 1629 459 1664 servant
472 1621 538 1665 isti
556 1623 789 1667 aleatorum
809 1624 1122 1674 conventicula,
1141 1631 1184 1666 et
1196 1620 1415 1681 perdentis
1430 1635 1667 1663 aerumnam

293 1693 644 1737 commoditatem
666 1711 785 1738 suam
803 1696 999 1754 judicant
1018 1711 1028 1738 ε
1053 1695 1265 1753 spondent
1280 1707 1357 1751 pro
1374 1691 1560 1750 singulis.
1582 1689 1666 1735 Va·-

291 1762 376 1805 rios
396 1763 533 1821 primo
561 1780 650 1808 sors
676 1767 785 1809 ludit
805 1775 981 1810 eventus
997 1799 1009 1815 ,
1035 1767 1087 1809 ad
1110 1765 1300 1808 diversos
1331 1778 1442 1822 saepe
1468 1761 1670 1805 transfer—-

295 1841 366 1875 tur
400 1834 574 1878 victoria
598 1868 609 1888 ,
651 1837 944 1896 stipendiaque
977 1837 1069 1895 ejus
1101 1835 1287 1880 vicissim
1319 1843 1444 1893 atque
1471 1847 1663 1877 aerumna

293 1912 514 1947 mutantur
537 1922 546 1947 :
571 1922 717 1950 omncs
737 1908 967 1951 vincuntur
988 1916 1031 1951 et
1053 1907 1253 1956 vincunt,
1285 1905 1516 1948 foenerator
1544 1904 1663 1947 solus

296 1975 504 2032 acquirit:
530 1993 659 2035 penes
684 1979 786 2022 alios
811 1979 935 2022 inane
964 1994 1122 2022 nomen
1153 1979 1271 2036 quod
1293 1976 1500 2026 vicerint,
1534 1989 1663 2034 penes

294 2044 591 2090 foeneratorem
613 2050 752 2092 solum
769 2049 931 2092 fructus
953 2057 1030 2099 est,
1055 2065 1141 2091 non
1168 2063 1360 2098 annuus,
1380 2048 1455 2090 sed
1474 2059 1664 2088 momen-

294 2115 423 2158 tarius
451 2131 460 2159 :
495 2117 555 2160 illi
587 2119 665 2161 soli
687 2119 850 2162 faciunt
874 2121 1043 2163 lucrum
1075 2119 1119 2162 in
1143 2118 1337 2162 omnium
1369 2115 1625 2160 detrimento
1648 2147 1660 2165 ‚

297 2186 376 2229 illis
397 2188 494 2230 solis
521 2197 584 2232 est
610 2206 738 2233 usura
753 2191 955 2234 victoriae.
984 2190 1136 2233 Videas
1163 2189 1348 2247 reliquos
1371 2186 1513 2231 subito
1535 2200 1666 2244 egen·

297 2264 359 2299 tes
374 2289 386 2306 ,
408 2267 582 2316 repente
599 2259 748 2303 divites
765 2295 776 2311 ,
807 2262 961 2304 deinde
983 2263 1143 2311 nudos,
1169 2259 1342 2318 singulis
1367 2258 1551 2316 jactibus
1578 2264 1662 2299 sta·
1724 2264 1727 2268 ”

297 2334 390 2369 tum
416 2337 645 2373 mutantes.
687 2331 891 2375 Versatur
920 2331 1034 2374 enim
1067 2345 1228 2373 eorum·
1247 2329 1331 2373 vita
1349 2361 1361 2379 ,
1394 2335 1442 2371 ut
1472 2336 1664 2393 tessura:

295 2399 476 2443 volvitur
492 2416 642 2444 census
660 2402 702 2445 in
728 2404 887 2454 tabula,
915 2403 963 2446 fit
983 2402 1109 2446 ludus
1125 2404 1178 2448 de
1195 2402 1402 2460 pedeulo,
1422 2407 1466 2443 et
1488 2401 1545 2464 de
1563 2398 1666 2445 ludo

298 2468 535 2529 periculum
561 2487 571 2514 ε
600 2481 706 2531 quot
742 2474 1082 2533 propositiones,
1113 2480 1176 2516 tot
1203 2470 1546 2531 proscriptiones.
1576 2467 1669 2517 Cla-

299 2555 393 2589 mor
418 2543 736 2602 plaudentium,
763 2544 889 2591 fletus
917 2543 1274 2604 despoliatorum,
1305 2541 1486 2602 gemitus
1515 2538 1666 2598 deplo-

301 2611 497 2660 rantium,
527 2612 657 2662 Sedet
683 2615 792 2664 inter
814 2615 892 2662 hos
920 2614 1107 2662 creditor
1133 2623 1182 2661 ut
1203 2622 1433 2674 tyrannus,
1460 2611 1669 2675 damnans
