1780 3120
330 214 385 259 36
874 228 906 255 s.
947 228 1138 257 Ammosu

327 313 568 349 constanter
589 303 826 361 requisierit
841 319 967 354 eum;
999 305 1177 362 ideoque
1193 305 1280 362 jam
1303 320 1388 348 non
1409 307 1544 350 solum
1569 323 1692 351 soror

326 377 505 427 dicitur,
534 377 606 418 sed
628 375 755 417 etiam
778 374 1041 434 beneplacita
1068 375 1332 426 nominatur,
1365 378 1482 434 quasi
1509 377 1546 420 ei
1568 394 1690 422 com-

321 447 474 506 placita
493 446 563 503 qui
579 445 837 504 complacuit
851 445 963 488 Patri
978 462 990 494 ;
1009 454 1051 488 ct
1066 445 1256 503 speciosa
1272 447 1383 489 sicut
1401 447 1687 500 Hierusalem,

323 518 430 560 sicut
455 515 673 558 admiratio
693 515 930 565 ordinata¹‚
955 517 1071 573 quod
1097 515 1276 558 civitatis
1296 525 1465 560 aeternae
1490 518 1692 563 universa

320 588 473 631 habeat
496 588 695 646 mysteria
716 620 727 638 ‚
758 595 800 630 et
826 585 1094 629 admirationi
1126 587 1179 629 sit
1215 587 1413 631 omnibus
1444 588 1693 634 videntibus

318 675 437 709 eam;
462 659 558 716 quia
574 660 696 717 plena
713 666 761 700 ut
780 656 955 715 aequitas
973 665 1098 715 atque
1113 656 1302 715 perfecta
1319 666 1398 709 est,
1418 667 1461 702 et
1476 659 1690 718 fulgorem

317 732 370 773 de
400 729 528 772 Verbi
559 728 715 771 lumine
746 736 935 770 mutuata
958 760 969 777 ‚
1000 729 1101 770 dum
1130 727 1175 769 id
1205 743 1373 786 semper
1404 729 1609 779 intendit3
1638 729 1689 772 fit

319 800 444 842 etiam
468 798 665 842 terribilis
691 798 838 840 ordine
857 798 1039 855 quodam
1062 798 1114 839 ad
1139 813 1355 840 summum
1375 808 1576 857 provecta
1597 801 1687 843 vir-

316 878 470 912 tutum.
499 869 682 925 ideoque
708 867 824 926 quasi
847 867 1045 925 perfectae
1064 867 1166 910 dicit
1185 883 1195 911 :
1213 886 1229 907 (ι
1250 867 1404 911 Averte
1427 871 1572 912 oculos
1588 879 1684 913 tuos

312 959 329 980 ι»
345 956 364 982 a
380 955 448 982 me
459 972 470 989 ,
487 939 572 981 noli
589 946 736 981 contra
751 953 817 980 me
834 937 1055 980 intendere
1067 937 1102 988 ²,
1118 957 1135 978 1>
1149 939 1375 982 devotione
1389 939 1520 983 nimia
1538 955 1585 983 ac
1599 939 1683 984 fide

310 1009 628 1069 possibilitatem
649 1017 809 1051 naturae
831 1016 873 1050 et
900 1008 1154 1050 conditionis
1176 1009 1358 1067 propriae
1379 1025 1650 1069 supergressa
1666 1045 1683 1062 ,

316 1081 412 1138 quia
452 1081 593 1122 lucem
625 1078 960 1121 inaccessibilem
989 1094 1013 1120 e
1049 1077 1219 1136 regione
1251 1079 1406 1122 intueri
1441 1081 1678 1138 cst’gravc.

328 1169 342 1189 «
361 1150 538 1199 Averte,
564 1149 724 1207 inquit,
754 1149 899 1191 oculos
927 1156 1021 1191 tuos
1043 1164 1064 1190 a
1085 1164 1153 1191 me
1173 1164 1182 1190 :
1203 1167 1218 1189 »
1233 1163 1282 1191 eo
1308 1150 1424 1207 quod
1446 1149 1683 1208 plenitudi-

317 1222 458 1264 dinem
483 1220 718 1263 Divinitatis
741 1219 856 1276 ejus,
887 1227 928 1261 et
958 1220 1227 1277 splendorem
1250 1220 1337 1262 veri
1360 1220 1532 1263 luminis
1554 1221 1685 1264 susti-

314 1307 416 1335 nere
431 1306 514 1334 non
532 1290 672 1349 possit.
700 1290 929 1332 Possumus
945 1297 1087 1332 tamen
1108 1296 1149 1332 et
1170 1289 1230 1332 sic
1250 1289 1442 1348 accipere
1463 1304 1472 1331 :
1490 1307 1506 1328 a
1521 1289 1679 1333 Averte

316 1382 331 1403 »
347 1363 490 1405 oculos
510 1369 604 1404 tuos
627 1376 647 1402 a
672 1375 753 1403 me.
777 1359 894 1402 »Etsi
917 1367 963 1402 tu
984 1358 1168 1417 perfecta
1194 1374 1237 1401 es
1256 1391 1265 1407 ,
1292 1359 1381 1402 aliae
1403 1359 1508 1402 mihi
1537 1359 1680 1403 adhuc

314 1432 569 1475 redimendae
597 1438 693 1472 sunt
720 1429 869 1473 animae
885 1462 896 1478 ,
925 1429 1013 1472 aliae
1038 1428 1271 1472 fulciendae.
1294 1429 1441 1472 Elevas
1472 1429 1585 1472 enim
1608 1445 1685 1473 me

316 1501 497 1544 videndo
521 1516 530 1543 :
552 1516 629 1558 ego
657 1507 796 1542 autem
818 1499 912 1541 ideo
935 1498 1160 1549 descendi,
1187 1507 1235 1542 ut
1257 1514 1404 1542 omnes
1424 1500 1600 1543 elevem.
1625 1500 1682 1560 Et

316 1572 348 1614 si
375 1570 550 1620 surrexi,
570 1577 612 1612 et
623 1570 758 1611 habeo
773 1569 906 1611 Patris
923 1570 1083 1618 sedem,
1106 1577 1247 1612 tamen
1265 1569 1480 1628 orphanos
1500 1585 1575 1613 vos
1591 1584 1676 1613 non

315 1643 548 1699 relinquam
570 1647 746 1699 paterno
765 1638 882 1696 quasi
899 1639 1095 1697 praesidio
1110 1639 1346 1688 destitutos,
1367 1641 1440 1682 sed
1456 1640 1678 1698 praescntia

317 1728 411 1755 mea
434 1727 506 1754 vos
530 1709 804 1752 confirmabo.
832 1709 972 1751 Habes
999 1708 1041 1751 in
1067 1708 1294 1767 Evangelio
1319 1709 1402 1752 hoc
1430 1710 1638 1769 scriptum
1662 1725 1675 1754 t

328 1800 344 1822 «
361 1783 472 1824 Ecce
505 1795 582 1838 ego
617 1778 836 1822 vobiscum
873 1793 967 1821 sum
1007 1794 1140 1835 usque
1178 1779 1230 1821 ad
1261 1780 1678 1823 consummationem

318 1850 541 1895 »mundi³.
571 1870 587 1890 »
622 1849 775 1893 Averte
800 1863 900 1907 ergo
939 1850 1084 1891 oculos
1115 1864 1137 1891 a
1174 1864 1260 1899 me,
1299 1850 1397 1907 quia
1429 1865 1497 1892 me
1519 1851 1673 1894 elevas.

318 1924 488 1975 Quanto
514 1921 626 1963 enim
649 1920 740 1977 quis
765 1920 818 1961 ad
848 1918 1078 1961 Dominum
1103 1919 1283 1962 intendit
1309 1952 1319 1970 ‚
1357 1928 1473 1963 tanto
1496 1921 1677 1979 amplius

315 1992 544 2036 Dominum
560 1992 692 2032 elevat
707 2022 718 2039 ,
737 1989 882 2047 etipse
900 1990 1101 2032 elevatur.
1128 1990 1248 2032 Unde
1271 1997 1313 2032 et
1330 1989 1398 2033 ille
1422 1990 1477 2033 ait
1494 2005 1503 2032 :
1522 2009 1537 2029 «
1550 1991 1678 2034 Exal-

315 2064 443 2106 »tabo
478 2070 542 2110 te,
578 2059 1011 2121 Dominesquoniam
1041 2060 1260 2118 suscepisti
1291 2060 1415 2103 me‘.
1449 2079 1464 2100 »
1492 2060 1676 2104 Sanctus

315 2135 429 2179 enirn
441 2133 594 2175 exaltat
609 2130 853 2180 Dominum,
877 2138 1075 2188 peccator
1094 2130 1302 2173 humiliat.
1323 2130 1424 2174 V‘ult
1440 2146 1540 2190 ergo
1561 2147 1680 2175 aver-

318 2216 405 2251 tere
426 2206 538 2247 illam
563 2203 707 2246 oculos
722 2233 734 2250 ‚
757 2216 810 2243 ne
827 2216 920 2243 eain
941 2201 1210 2244 considerans
1227 2201 1343 2258 quod
1367 2201 1456 2259 jam
1479 2204 1532 2245 ad
1549 2219 1674 2262 supe-

316 2278 425 2320 riora
441 2274 557 2332 sequi
573 2272 719 2332 possit,
733 2273 938 2323 elevetur,
957 2279 999 2314 ct
1020 2279 1191 2315 caeteras
1210 2271 1368 2314 animas
1390 2271 1667 2331 derelinquat.

311 2347 412 2390 ldeo
433 2345 532 2388 etin
549 2342 774 2400 Evangelio
797 2357 881 2384 non
900 2342 1094 2397 omnibus
1113 2341 1339 2400 Discipulis
1352 2342 1388 2391 ⁵,
1419 2344 1495 2385 scd
1513 2344 1674 2402 persec-

311 2417 488 2461 tioribus
515 2429 631 2457 suam
661 2412 836 2472 gloriam
865 2412 1178 2471 demonstravit.
1214 2411 1434 2456 Constitue
1460 2428 1575 2455 nunc
1602 2413 1674 2456 ali-

354 2526 365 2542 ·
386 2519 482 2551 Cant·
498 2495 550 2556 vi,
572 2515 603 2548 5.
623 2533 665 2540 -
681 2523 695 2539 ·
711 2513 796 2548 Ibid.
813 2513 847 2554 k.
865 2533 905 2541 ·-
921 2517 936 2541 ³
953 2515 1073 2550 nauh.
1098 2525 1195 2555 xxm,
1214 2526 1264 2550 πο.
1281 2532 1331 2542 —··
1344 2518 1357 2545 ⁴
1376 2516 1458 2550 Psal.
1477 2526 1569 2557 xxix,
1589 2504 1672 2548 ιμῖ-

312 2576 329 2608 .⁸
347 2572 466 2607 munh.
482 2582 564 2613 xvn,
583 2581 612 2604 ι.
