<?xml version="1.0" encoding="UTF-8"?>
<!DOCTYPE html PUBLIC "-//W3C//DTD XHTML 1.0 Transitional//EN"
    "http://www.w3.org/TR/xhtml1/DTD/xhtml1-transitional.dtd">
<html xmlns="http://www.w3.org/1999/xhtml" xml:lang="en" lang="en">
 <head>
  <title>
</title>
<meta http-equiv="Content-Type" content="text/html;charset=utf-8" />
  <meta name='ocr-system' content='tesseract 3.04.00' />
  <meta name='ocr-capabilities' content='ocr_page ocr_carea ocr_par ocr_line ocrx_word'/>
</head>
<body>
  <div class='ocr_page' id='page_1' title='image "./omniaequaeextant02ambruoft_0409.png"; bbox 0 0 1780 3120; ppageno 0'>
   <div class='ocr_carea' id='block_1_1' title="bbox 446 190 1383 248">
    <p class='ocr_par' dir='ltr' id='par_1_1' title="bbox 446 190 1383 248">
     <span class='ocr_line' id='line_1_1' title="bbox 446 190 1383 248; baseline 0.004 -16"><span class='ocrx_word' id='word_1_1' title='bbox 446 195 497 232; x_wconf 68' lang='lat' dir='ltr'><strong>flu</strong></span> <span class='ocrx_word' id='word_1_2' title='bbox 530 200 670 233; x_wconf 58' lang='lat' dir='ltr'><strong>romi.</strong></span> <span class='ocrx_word' id='word_1_3' title='bbox 707 201 827 234; x_wconf 69' lang='lat' dir='ltr'><strong>mmm</strong></span> <span class='ocrx_word' id='word_1_4' title='bbox 859 199 973 235; x_wconf 66' lang='lat' dir='ltr'><strong>mes.</strong></span> <span class='ocrx_word' id='word_1_5' title='bbox 1302 190 1383 248; x_wconf 68' lang='lat'><strong>401</strong></span> 
     </span>
    </p>
   </div>
   <div class='ocr_carea' id='block_1_2' title="bbox 0 274 1414 2680">
    <p class='ocr_par' dir='ltr' id='par_1_2' title="bbox 16 274 1405 823">
     <span class='ocr_line' id='line_1_2' title="bbox 32 274 1393 344; baseline 0.003 -17"><span class='ocrx_word' id='word_1_6' title='bbox 32 274 186 344; x_wconf 75' lang='lat' dir='ltr'><strong>pignus</strong></span> <span class='ocrx_word' id='word_1_7' title='bbox 206 276 321 341; x_wconf 87' lang='lat' dir='ltr'><strong>quod</strong></span> <span class='ocrx_word' id='word_1_8' title='bbox 336 280 423 340; x_wconf 86' lang='lat' dir='ltr'><strong>ipse</strong></span> <span class='ocrx_word' id='word_1_9' title='bbox 439 282 634 333; x_wconf 81' lang='lat' dir='ltr'><strong>donavit,</strong></span> <span class='ocrx_word' id='word_1_10' title='bbox 662 291 706 326; x_wconf 87' lang='lat' dir='ltr'><strong>et</strong></span> <span class='ocrx_word' id='word_1_11' title='bbox 721 282 957 342; x_wconf 83' lang='lat' dir='ltr'><strong>depositum</strong></span> <span class='ocrx_word' id='word_1_12' title='bbox 980 299 1105 328; x_wconf 90' lang='lat' dir='ltr'><strong>suum</strong></span> <span class='ocrx_word' id='word_1_13' title='bbox 1122 289 1393 331; x_wconf 79' lang='lat' dir='ltr'><strong>commenda·-</strong></span> 
     </span>
     <span class='ocr_line' id='line_1_3' title="bbox 16 354 1399 420; baseline 0.003 -20"><span class='ocrx_word' id='word_1_14' title='bbox 16 359 214 414; x_wconf 62' lang='lat' dir='ltr'><strong>-4umquo</strong></span> <span class='ocrx_word' id='word_1_15' title='bbox 237 362 471 398; x_wconf 83' lang='lat' dir='ltr'><strong>conservet.</strong></span> <span class='ocrx_word' id='word_1_16' title='bbox 498 354 612 399; x_wconf 85' lang='lat' dir='ltr'><strong>Nihil</strong></span> <span class='ocrx_word' id='word_1_17' title='bbox 635 354 750 398; x_wconf 88' lang='lat' dir='ltr'><strong>enim</strong></span> <span class='ocrx_word' id='word_1_18' title='bbox 780 356 945 415; x_wconf 83' lang='lat' dir='ltr'><strong>accepit</strong></span> <span class='ocrx_word' id='word_1_19' title='bbox 967 370 989 398; x_wconf 79' lang='lat' dir='ltr'>a</span> <span class='ocrx_word' id='word_1_20' title='bbox 1012 356 1158 408; x_wconf 89' lang='lat' dir='ltr'><strong>nobis,</strong></span> <span class='ocrx_word' id='word_1_21' title='bbox 1197 360 1273 402; x_wconf 87' lang='lat' dir='ltr'><strong>sed</strong></span> <span class='ocrx_word' id='word_1_22' title='bbox 1308 360 1399 420; x_wconf 87' lang='lat' dir='ltr'><strong>ipse</strong></span> 
     </span>
     <span class='ocr_line' id='line_1_4' title="bbox 34 425 1399 483; baseline 0.004 -13"><span class='ocrx_word' id='word_1_23' title='bbox 34 426 160 470; x_wconf 84' lang='lat' dir='ltr'><strong>nobis</strong></span> <span class='ocrx_word' id='word_1_24' title='bbox 179 425 361 469; x_wconf 85' lang='lat' dir='ltr'><strong>credidit</strong></span> <span class='ocrx_word' id='word_1_25' title='bbox 380 426 497 483; x_wconf 84' lang='lat' dir='ltr'><strong>quod</strong></span> <span class='ocrx_word' id='word_1_26' title='bbox 510 434 711 469; x_wconf 82' lang='lat' dir='ltr'><strong>nostrum</strong></span> <span class='ocrx_word' id='word_1_27' title='bbox 729 441 812 469; x_wconf 89' lang='lat' dir='ltr'><strong>non</strong></span> <span class='ocrx_word' id='word_1_28' title='bbox 829 436 931 470; x_wconf 79' lang='lat' dir='ltr'><strong>erat.</strong></span> <span class='ocrx_word' id='word_1_29' title='bbox 954 427 1009 470; x_wconf 83' lang='lat' dir='ltr'><strong>Et</strong></span> <span class='ocrx_word' id='word_1_30' title='bbox 1028 428 1122 471; x_wconf 88' lang='lat' dir='ltr'><strong>ideo</strong></span> <span class='ocrx_word' id='word_1_31' title='bbox 1143 430 1399 476; x_wconf 87' lang='lat' dir='ltr'><strong>detrimento</strong></span> 
     </span>
     <span class='ocr_line' id='line_1_5' title="bbox 37 494 1404 556; baseline 0.004 -15"><span class='ocrx_word' id='word_1_32' title='bbox 37 497 270 542; x_wconf 60' lang='lat' dir='ltr'><strong>honestatis</strong></span> <span class='ocrx_word' id='word_1_33' title='bbox 300 494 507 546; x_wconf 79' lang='lat' dir='ltr'><strong>afficitur,</strong></span> <span class='ocrx_word' id='word_1_34' title='bbox 548 497 621 554; x_wconf 88' lang='lat' dir='ltr'><strong>qui</strong></span> <span class='ocrx_word' id='word_1_35' title='bbox 659 497 897 556; x_wconf 87' lang='lat' dir='ltr'><strong>depositum</strong></span> <span class='ocrx_word' id='word_1_36' title='bbox 922 498 1088 541; x_wconf 82' lang='lat' dir='ltr'><strong>violarit</strong></span> <span class='ocrx_word' id='word_1_37' title='bbox 1118 499 1316 545; x_wconf 82' lang='lat' dir='ltr'><strong>alienum.</strong></span> <span class='ocrx_word' id='word_1_38' title='bbox 1355 501 1404 547; x_wconf 90' lang='lat' dir='ltr'><strong>Si</strong></span> 
     </span>
     <span class='ocr_line' id='line_1_6' title="bbox 36 568 1398 624; baseline 0.003 -11"><span class='ocrx_word' id='word_1_39' title='bbox 36 569 383 621; x_wconf 75' lang='lat' dir='ltr'><strong>commendatum</strong></span> <span class='ocrx_word' id='word_1_40' title='bbox 412 568 596 612; x_wconf 89' lang='lat' dir='ltr'><strong>hominis</strong></span> <span class='ocrx_word' id='word_1_41' title='bbox 632 569 747 611; x_wconf 79' lang='lat' dir='ltr'><strong>nulla</strong></span> <span class='ocrx_word' id='word_1_42' title='bbox 780 569 986 612; x_wconf 82' lang='lat' dir='ltr'><strong>debemus</strong></span> <span class='ocrx_word' id='word_1_43' title='bbox 1022 570 1172 614; x_wconf 83' lang='lat' dir='ltr'><strong>fraude</strong></span> <span class='ocrx_word' id='word_1_44' title='bbox 1206 573 1365 617; x_wconf 78' lang='lat' dir='ltr'><strong>violare</strong></span> <span class='ocrx_word' id='word_1_45' title='bbox 1385 607 1398 624; x_wconf 92' lang='lat'><strong>,</strong></span> 
     </span>
     <span class='ocr_line' id='line_1_7' title="bbox 37 637 1405 698; baseline 0.004 -16"><span class='ocrx_word' id='word_1_46' title='bbox 37 639 196 698; x_wconf 75' lang='lat' dir='ltr'><strong>quanto</strong></span> <span class='ocrx_word' id='word_1_47' title='bbox 215 638 350 698; x_wconf 78' lang='lat' dir='ltr'><strong>magis</strong></span> <span class='ocrx_word' id='word_1_48' title='bbox 371 637 561 684; x_wconf 83' lang='lat' dir='ltr'><strong>divinum</strong></span> <span class='ocrx_word' id='word_1_49' title='bbox 578 647 620 682; x_wconf 91' lang='lat' dir='ltr'><strong>et</strong></span> <span class='ocrx_word' id='word_1_50' title='bbox 642 639 829 698; x_wconf 81' lang='lat' dir='ltr'><strong>spiritale</strong></span> <span class='ocrx_word' id='word_1_51' title='bbox 845 640 1081 698; x_wconf 86' lang='lat' dir='ltr'><strong>depositum</strong></span> <span class='ocrx_word' id='word_1_52' title='bbox 1095 641 1207 684; x_wconf 76' lang='lat' dir='ltr'><strong>bona</strong></span> <span class='ocrx_word' id='word_1_53' title='bbox 1218 639 1304 686; x_wconf 78' lang='lat' dir='ltr'><strong>fide&#39;</strong></span> <span class='ocrx_word' id='word_1_54' title='bbox 1319 659 1405 687; x_wconf 85' lang='lat' dir='ltr'><strong>ser-</strong></span> 
     </span>
     <span class='ocr_line' id='line_1_8' title="bbox 37 708 1402 772; baseline 0.004 -20"><span class='ocrx_word' id='word_1_55' title='bbox 37 725 138 753; x_wconf 74' lang='lat' dir='ltr'><strong>vare</strong></span> <span class='ocrx_word' id='word_1_56' title='bbox 164 724 244 752; x_wconf 86' lang='lat' dir='ltr'><strong>nos</strong></span> <span class='ocrx_word' id='word_1_57' title='bbox 274 709 492 768; x_wconf 86' lang='lat' dir='ltr'><strong>congruit,</strong></span> <span class='ocrx_word' id='word_1_58' title='bbox 531 724 585 753; x_wconf 87' lang='lat' dir='ltr'><strong>ne</strong></span> <span class='ocrx_word' id='word_1_59' title='bbox 613 709 936 753; x_wconf 80' lang='lat' dir='ltr'><strong>existimationis</strong></span> <span class='ocrx_word' id='word_1_60' title='bbox 967 718 1011 754; x_wconf 92' lang='lat' dir='ltr'><strong>et</strong></span> <span class='ocrx_word' id='word_1_61' title='bbox 1038 710 1231 756; x_wconf 80' lang='lat' dir='ltr'><strong>utilitatis</strong></span> <span class='ocrx_word' id='word_1_62' title='bbox 1260 708 1402 772; x_wconf 81' lang='lat' dir='ltr'><strong>gravia</strong></span> 
     </span>
     <span class='ocr_line' id='line_1_9' title="bbox 39 780 462 823; baseline 0 0"><span class='ocrx_word' id='word_1_63' title='bbox 39 780 198 823; x_wconf 75' lang='lat' dir='ltr'><strong>damna</strong></span> <span class='ocrx_word' id='word_1_64' title='bbox 215 780 462 823; x_wconf 80' lang='lat' dir='ltr'><strong>subeamus.</strong></span> 
     </span>
    </p>

    <p class='ocr_par' dir='ltr' id='par_1_3' title="bbox 41 849 1413 1336">
     <span class='ocr_line' id='line_1_10' title="bbox 99 849 1408 913; baseline 0.002 -18"><span class='ocrx_word' id='word_1_65' title='bbox 99 849 258 902; x_wconf 55' lang='lat' dir='ltr'><strong>LXIX,</strong></span> <span class='ocrx_word' id='word_1_66' title='bbox 281 851 375 894; x_wconf 85' lang='lat' dir='ltr'><strong>Hoc</strong></span> <span class='ocrx_word' id='word_1_67' title='bbox 393 850 522 909; x_wconf 86' lang='lat' dir='ltr'><strong>igitur</strong></span> <span class='ocrx_word' id='word_1_68' title='bbox 533 850 688 909; x_wconf 87' lang='lat' dir='ltr'><strong>pignus</strong></span> <span class='ocrx_word' id='word_1_69' title='bbox 708 859 774 894; x_wconf 52' lang='grc' dir='ltr'><strong>αεὶ</strong></span> <span class='ocrx_word' id='word_1_70' title='bbox 793 852 908 909; x_wconf 85' lang='lat' dir='ltr'><strong>quod</strong></span> <span class='ocrx_word' id='word_1_71' title='bbox 930 851 1017 894; x_wconf 87' lang='lat' dir='ltr'><strong>Lex</strong></span> <span class='ocrx_word' id='word_1_72' title='bbox 1037 849 1238 910; x_wconf 85' lang='lat' dir='ltr'><strong>prohibet</strong></span> <span class='ocrx_word' id='word_1_73' title='bbox 1256 853 1408 913; x_wconf 80' lang='lat' dir='ltr'><strong>pigne—</strong></span> 
     </span>
     <span class='ocr_line' id='line_1_11' title="bbox 42 920 1412 982; baseline 0.003 -17"><span class='ocrx_word' id='word_1_74' title='bbox 42 921 151 972; x_wconf 79' lang='lat' dir='ltr'><strong>rari,</strong></span> <span class='ocrx_word' id='word_1_75' title='bbox 160 930 207 966; x_wconf 88' lang='lat' dir='ltr'><strong>et</strong></span> <span class='ocrx_word' id='word_1_76' title='bbox 215 921 422 966; x_wconf 81' lang='lat' dir='ltr'><strong>violenter</strong></span> <span class='ocrx_word' id='word_1_77' title='bbox 437 921 604 965; x_wconf 80' lang='lat' dir='ltr'><strong>auferri.</strong></span> <span class='ocrx_word' id='word_1_78' title='bbox 622 920 695 964; x_wconf 89' lang='lat' dir='ltr'><strong>Sic</strong></span> <span class='ocrx_word' id='word_1_79' title='bbox 712 921 827 964; x_wconf 87' lang='lat' dir='ltr'><strong>enim</strong></span> <span class='ocrx_word' id='word_1_80' title='bbox 843 922 973 965; x_wconf 81' lang='lat' dir='ltr'><strong>habet</strong></span> <span class='ocrx_word' id='word_1_81' title='bbox 993 921 1242 982; x_wconf 82' lang='lat' dir='ltr'><strong>Scriptura:</strong></span> <span class='ocrx_word' id='word_1_82' title='bbox 1258 924 1328 968; x_wconf 80' lang='lat' dir='ltr'><strong>«Si</strong></span> <span class='ocrx_word' id='word_1_83' title='bbox 1340 926 1412 969; x_wconf 80' lang='lat' dir='ltr'><strong>do-</strong></span> 
     </span>
     <span class='ocr_line' id='line_1_12' title="bbox 42 991 1409 1051; baseline 0.004 -19"><span class='ocrx_word' id='word_1_84' title='bbox 42 1011 60 1032; x_wconf 79' lang='lat'><strong>»</strong></span> <span class='ocrx_word' id='word_1_85' title='bbox 72 992 211 1036; x_wconf 81' lang='lat' dir='ltr'><strong>bitum</strong></span> <span class='ocrx_word' id='word_1_86' title='bbox 223 991 302 1036; x_wconf 87' lang='lat' dir='ltr'><strong>tibi</strong></span> <span class='ocrx_word' id='word_1_87' title='bbox 316 991 444 1036; x_wconf 83' lang='lat' dir='ltr'><strong>suerit</strong></span> <span class='ocrx_word' id='word_1_88' title='bbox 459 1007 481 1035; x_wconf 79' lang='lat' dir='ltr'>a</span> <span class='ocrx_word' id='word_1_89' title='bbox 498 991 691 1051; x_wconf 82' lang='lat' dir='ltr'><strong>proximo</strong></span> <span class='ocrx_word' id='word_1_90' title='bbox 714 1000 788 1035; x_wconf 90' lang='lat' dir='ltr'><strong>tuo</strong></span> <span class='ocrx_word' id='word_1_91' title='bbox 803 993 1107 1051; x_wconf 84' lang='lat' dir='ltr'><strong>quodcumque</strong></span> <span class='ocrx_word' id='word_1_92' title='bbox 1117 1026 1130 1044; x_wconf 89' lang='lat'><strong>,</strong></span> <span class='ocrx_word' id='word_1_93' title='bbox 1153 1009 1242 1037; x_wconf 89' lang='lat' dir='ltr'><strong>non</strong></span> <span class='ocrx_word' id='word_1_94' title='bbox 1258 995 1409 1038; x_wconf 89' lang='lat' dir='ltr'><strong>introi-</strong></span> 
     </span>
     <span class='ocr_line' id='line_1_13' title="bbox 41 1063 1413 1125; baseline 0.004 -21"><span class='ocrx_word' id='word_1_95' title='bbox 41 1063 139 1106; x_wconf 76' lang='lat' dir='ltr'><strong>»bis</strong></span> <span class='ocrx_word' id='word_1_96' title='bbox 158 1063 204 1107; x_wconf 85' lang='lat' dir='ltr'><strong>in</strong></span> <span class='ocrx_word' id='word_1_97' title='bbox 236 1064 414 1107; x_wconf 87' lang='lat' dir='ltr'><strong>domum</strong></span> <span class='ocrx_word' id='word_1_98' title='bbox 450 1063 581 1122; x_wconf 90' lang='lat' dir='ltr'><strong>ipsius</strong></span> <span class='ocrx_word' id='word_1_99' title='bbox 608 1063 830 1123; x_wconf 81' lang='lat' dir='ltr'><strong>pignerare</strong></span> <span class='ocrx_word' id='word_1_100' title='bbox 856 1064 1030 1122; x_wconf 84' lang='lat' dir='ltr'><strong>pignus;</strong></span> <span class='ocrx_word' id='word_1_101' title='bbox 1061 1072 1105 1107; x_wconf 95' lang='lat' dir='ltr'><strong>et</strong></span> <span class='ocrx_word' id='word_1_102' title='bbox 1132 1065 1260 1108; x_wconf 90' lang='lat' dir='ltr'><strong>homo</strong></span> <span class='ocrx_word' id='word_1_103' title='bbox 1297 1068 1413 1125; x_wconf 80' lang='lat' dir='ltr'><strong>apud</strong></span> 
     </span>
     <span class='ocr_line' id='line_1_14' title="bbox 42 1134 1411 1194; baseline 0.003 -18"><span class='ocrx_word' id='word_1_104' title='bbox 42 1149 200 1193; x_wconf 76' lang='lat' dir='ltr'><strong>»quem</strong></span> <span class='ocrx_word' id='word_1_105' title='bbox 234 1143 300 1178; x_wconf 62' lang='grc' dir='ltr'><strong>ωε</strong></span> <span class='ocrx_word' id='word_1_106' title='bbox 333 1134 526 1178; x_wconf 89' lang='lat' dir='ltr'><strong>debitum</strong></span> <span class='ocrx_word' id='word_1_107' title='bbox 547 1143 693 1184; x_wconf 86' lang='lat' dir='ltr'><strong>tuum,</strong></span> <span class='ocrx_word' id='word_1_108' title='bbox 718 1134 907 1194; x_wconf 82' lang='lat' dir='ltr'><strong>proferet</strong></span> <span class='ocrx_word' id='word_1_109' title='bbox 937 1134 1015 1177; x_wconf 89' lang='lat' dir='ltr'><strong>tihi</strong></span> <span class='ocrx_word' id='word_1_110' title='bbox 1034 1134 1147 1178; x_wconf 81' lang='lat' dir='ltr'><strong>foras</strong></span> <span class='ocrx_word' id='word_1_111' title='bbox 1170 1137 1336 1194; x_wconf 86' lang='lat' dir='ltr'><strong>pignus.</strong></span> <span class='ocrx_word' id='word_1_112' title='bbox 1364 1136 1411 1181; x_wconf 86' lang='lat' dir='ltr'><strong>Si</strong></span> 
     </span>
     <span class='ocr_line' id='line_1_15' title="bbox 42 1205 1411 1267; baseline 0.004 -21"><span class='ocrx_word' id='word_1_113' title='bbox 42 1214 215 1248; x_wconf 78' lang='lat' dir='ltr'><strong>»antem</strong></span> <span class='ocrx_word' id='word_1_114' title='bbox 237 1205 370 1249; x_wconf 88' lang='lat' dir='ltr'><strong>homo</strong></span> <span class='ocrx_word' id='word_1_115' title='bbox 386 1205 459 1249; x_wconf 87' lang='lat' dir='ltr'><strong>ille</strong></span> <span class='ocrx_word' id='word_1_116' title='bbox 478 1220 641 1264; x_wconf 78' lang='lat' dir='ltr'><strong>pauper</strong></span> <span class='ocrx_word' id='word_1_117' title='bbox 653 1205 806 1255; x_wconf 87' lang='lat' dir='ltr'><strong>fuerit,</strong></span> <span class='ocrx_word' id='word_1_118' title='bbox 842 1220 929 1248; x_wconf 93' lang='lat' dir='ltr'><strong>non</strong></span> <span class='ocrx_word' id='word_1_119' title='bbox 956 1205 1140 1249; x_wconf 90' lang='lat' dir='ltr'><strong>dormies</strong></span> <span class='ocrx_word' id='word_1_120' title='bbox 1162 1207 1206 1250; x_wconf 90' lang='lat' dir='ltr'><strong>in</strong></span> <span class='ocrx_word' id='word_1_121' title='bbox 1232 1208 1411 1267; x_wconf 87' lang='lat' dir='ltr'><strong>pignore</strong></span> 
     </span>
     <span class='ocr_line' id='line_1_16' title="bbox 41 1275 1411 1336; baseline 0.005 -20"><span class='ocrx_word' id='word_1_122' title='bbox 41 1293 60 1316; x_wconf 73' lang='lat' dir='ltr'><strong>s</strong></span> <span class='ocrx_word' id='word_1_123' title='bbox 72 1275 228 1334; x_wconf 71' lang='lat' dir='ltr'><strong>ipsius,</strong></span> <span class='ocrx_word' id='word_1_124' title='bbox 245 1277 321 1319; x_wconf 87' lang='lat' dir='ltr'><strong>sed</strong></span> <span class='ocrx_word' id='word_1_125' title='bbox 338 1275 577 1320; x_wconf 79' lang='lat' dir='ltr'><strong>redditione</strong></span> <span class='ocrx_word' id='word_1_126' title='bbox 591 1275 745 1319; x_wconf 81' lang='lat' dir='ltr'><strong>reddes</strong></span> <span class='ocrx_word' id='word_1_127' title='bbox 762 1276 967 1335; x_wconf 87' lang='lat' dir='ltr'><strong>eipignus</strong></span> <span class='ocrx_word' id='word_1_128' title='bbox 982 1276 1112 1336; x_wconf 87' lang='lat' dir='ltr'><strong>ipsius</strong></span> <span class='ocrx_word' id='word_1_129' title='bbox 1134 1279 1188 1321; x_wconf 88' lang='lat' dir='ltr'><strong>ad</strong></span> <span class='ocrx_word' id='word_1_130' title='bbox 1208 1293 1411 1323; x_wconf 85' lang='lat' dir='ltr'><strong>occasum</strong></span> 
     </span>
    </p>

    <p class='ocr_par' dir='ltr' id='par_1_4' title="bbox 20 1347 1410 1462">
     <span class='ocr_line' id='line_1_17' title="bbox 20 1347 1410 1401; baseline 0.004 -12"><span class='ocrx_word' id='word_1_131' title='bbox 20 1382 24 1387; x_wconf 23' lang='grc' dir='ltr'>ι</span> <span class='ocrx_word' id='word_1_132' title='bbox 41 1347 195 1397; x_wconf 75' lang='lat' dir='ltr'><strong>»solis3</strong></span> <span class='ocrx_word' id='word_1_133' title='bbox 216 1355 263 1391; x_wconf 89' lang='lat' dir='ltr'><strong>et</strong></span> <span class='ocrx_word' id='word_1_134' title='bbox 285 1347 467 1391; x_wconf 85' lang='lat' dir='ltr'><strong>dormiet</strong></span> <span class='ocrx_word' id='word_1_135' title='bbox 486 1348 531 1390; x_wconf 89' lang='lat' dir='ltr'><strong>in</strong></span> <span class='ocrx_word' id='word_1_136' title='bbox 544 1347 798 1391; x_wconf 85' lang='lat' dir='ltr'><strong>vestimento</strong></span> <span class='ocrx_word' id='word_1_137' title='bbox 828 1362 906 1391; x_wconf 88' lang='lat' dir='ltr'><strong>suo</strong></span> <span class='ocrx_word' id='word_1_138' title='bbox 919 1380 931 1398; x_wconf 88' lang='lat'>‚</span> <span class='ocrx_word' id='word_1_139' title='bbox 956 1355 1001 1391; x_wconf 93' lang='lat' dir='ltr'><strong>et</strong></span> <span class='ocrx_word' id='word_1_140' title='bbox 1028 1348 1258 1394; x_wconf 85' lang='lat' dir='ltr'><strong>benedicet</strong></span> <span class='ocrx_word' id='word_1_141' title='bbox 1278 1358 1343 1401; x_wconf 86' lang='lat' dir='ltr'><strong>te,</strong></span> <span class='ocrx_word' id='word_1_142' title='bbox 1364 1359 1410 1395; x_wconf 88' lang='lat' dir='ltr'><strong>et</strong></span> 
     </span>
     <span class='ocr_line' id='line_1_18' title="bbox 41 1417 652 1462; baseline 0 -3"><span class='ocrx_word' id='word_1_143' title='bbox 41 1435 60 1458; x_wconf 74' lang='grc' dir='ltr'><strong>ι</strong></span> <span class='ocrx_word' id='word_1_144' title='bbox 70 1417 153 1462; x_wconf 85' lang='lat' dir='ltr'><strong>erit</strong></span> <span class='ocrx_word' id='word_1_145' title='bbox 171 1417 216 1461; x_wconf 89' lang='lat' dir='ltr'><strong>in</strong></span> <span class='ocrx_word' id='word_1_146' title='bbox 230 1425 274 1461; x_wconf 86' lang='lat' dir='ltr'><strong>te</strong></span> <span class='ocrx_word' id='word_1_147' title='bbox 286 1417 619 1462; x_wconf 78' lang='lat' dir='ltr'><strong>misericordia¹.</strong></span> <span class='ocrx_word' id='word_1_148' title='bbox 635 1437 652 1459; x_wconf 73' lang='grc' dir='ltr'>ι</span> 
     </span>
    </p>

    <p class='ocr_par' dir='ltr' id='par_1_5' title="bbox 39 1487 1414 1757">
     <span class='ocr_line' id='line_1_19' title="bbox 99 1487 1413 1551; baseline 0.003 -20"><span class='ocrx_word' id='word_1_149' title='bbox 99 1487 235 1532; x_wconf 78' lang='lat' dir='ltr'><strong>Lxx.</strong></span> <span class='ocrx_word' id='word_1_150' title='bbox 254 1487 381 1532; x_wconf 84' lang='lat' dir='ltr'><strong>Dices</strong></span> <span class='ocrx_word' id='word_1_151' title='bbox 400 1488 543 1547; x_wconf 74' lang='lat' dir='ltr'><strong>itaque</strong></span> <span class='ocrx_word' id='word_1_152' title='bbox 569 1488 704 1532; x_wconf 86' lang='lat' dir='ltr'><strong>mihi:</strong></span> <span class='ocrx_word' id='word_1_153' title='bbox 727 1489 840 1533; x_wconf 84' lang='lat' dir='ltr'><strong>Ecce</strong></span> <span class='ocrx_word' id='word_1_154' title='bbox 854 1489 943 1533; x_wconf 86' lang='lat' dir='ltr'><strong>Lex</strong></span> <span class='ocrx_word' id='word_1_155' title='bbox 963 1489 1119 1533; x_wconf 82' lang='lat' dir='ltr'><strong>auferri</strong></span> <span class='ocrx_word' id='word_1_156' title='bbox 1139 1491 1294 1550; x_wconf 87' lang='lat' dir='ltr'><strong>pignus</strong></span> <span class='ocrx_word' id='word_1_157' title='bbox 1305 1488 1413 1551; x_wconf 81' lang='lat' dir='ltr'><strong>pro·</strong></span> 
     </span>
     <span class='ocr_line' id='line_1_20' title="bbox 41 1557 1414 1618; baseline 0.002 -16"><span class='ocrx_word' id='word_1_158' title='bbox 41 1557 207 1609; x_wconf 88' lang='lat' dir='ltr'><strong>hibuit,</strong></span> <span class='ocrx_word' id='word_1_159' title='bbox 231 1572 321 1602; x_wconf 87' lang='lat' dir='ltr'><strong>non</strong></span> <span class='ocrx_word' id='word_1_160' title='bbox 340 1558 500 1617; x_wconf 79' lang='lat' dir='ltr'><strong>suscipi</strong></span> <span class='ocrx_word' id='word_1_161' title='bbox 518 1573 530 1601; x_wconf 77' lang='grc' dir='ltr'><strong>τ</strong></span> <span class='ocrx_word' id='word_1_162' title='bbox 548 1559 726 1617; x_wconf 84' lang='lat' dir='ltr'><strong>pauperi</strong></span> <span class='ocrx_word' id='word_1_163' title='bbox 741 1567 884 1602; x_wconf 82' lang='lat' dir='ltr'><strong>autem</strong></span> <span class='ocrx_word' id='word_1_164' title='bbox 903 1559 1028 1618; x_wconf 83' lang='lat' dir='ltr'><strong>jussit</strong></span> <span class='ocrx_word' id='word_1_165' title='bbox 1046 1560 1192 1611; x_wconf 81' lang='lat' dir='ltr'><strong>reddi,</strong></span> <span class='ocrx_word' id='word_1_166' title='bbox 1210 1576 1297 1604; x_wconf 88' lang='lat' dir='ltr'><strong>non</strong></span> <span class='ocrx_word' id='word_1_167' title='bbox 1317 1577 1414 1605; x_wconf 84' lang='lat' dir='ltr'><strong>om-</strong></span> 
     </span>
     <span class='ocr_line' id='line_1_21' title="bbox 41 1628 1410 1688; baseline 0.002 -16"><span class='ocrx_word' id='word_1_168' title='bbox 41 1629 181 1673; x_wconf 81' lang='lat' dir='ltr'><strong>nibus.</strong></span> <span class='ocrx_word' id='word_1_169' title='bbox 227 1628 286 1672; x_wconf 85' lang='lat' dir='ltr'><strong>At</strong></span> <span class='ocrx_word' id='word_1_170' title='bbox 318 1629 374 1672; x_wconf 83' lang='lat' dir='ltr'><strong>de</strong></span> <span class='ocrx_word' id='word_1_171' title='bbox 411 1629 705 1688; x_wconf 80' lang='lat' dir='ltr'><strong>corporalibus</strong></span> <span class='ocrx_word' id='word_1_172' title='bbox 741 1629 915 1688; x_wconf 89' lang='lat' dir='ltr'><strong>quidem</strong></span> <span class='ocrx_word' id='word_1_173' title='bbox 953 1629 1204 1688; x_wconf 87' lang='lat' dir='ltr'><strong>pignoribus</strong></span> <span class='ocrx_word' id='word_1_174' title='bbox 1237 1638 1410 1676; x_wconf 81' lang='lat' dir='ltr'><strong>sanctus</strong></span> 
     </span>
     <span class='ocr_line' id='line_1_22' title="bbox 39 1699 1411 1757; baseline 0.003 -15"><span class='ocrx_word' id='word_1_175' title='bbox 39 1699 170 1744; x_wconf 78' lang='lat' dir='ltr'><strong>&#39;etiam</strong></span> <span class='ocrx_word' id='word_1_176' title='bbox 182 1699 338 1744; x_wconf 77' lang='lat' dir='ltr'><strong>Esdras</strong></span> <span class='ocrx_word' id='word_1_177' title='bbox 353 1699 499 1743; x_wconf 81' lang='lat' dir='ltr'><strong>docuit</strong></span> <span class='ocrx_word' id='word_1_178' title='bbox 513 1714 592 1742; x_wconf 92' lang='lat' dir='ltr'><strong>nos</strong></span> <span class='ocrx_word' id='word_1_179' title='bbox 603 1720 617 1748; x_wconf 85' lang='lat'><strong>,</strong></span> <span class='ocrx_word' id='word_1_180' title='bbox 633 1700 751 1757; x_wconf 88' lang='lat' dir='ltr'><strong>quod</strong></span> <span class='ocrx_word' id='word_1_181' title='bbox 764 1699 877 1757; x_wconf 79' lang='lat' dir='ltr'><strong>jam,</strong></span> <span class='ocrx_word' id='word_1_182' title='bbox 892 1699 1169 1744; x_wconf 82' lang='lat' dir='ltr'><strong>foeneratores</strong></span> <span class='ocrx_word' id='word_1_183' title='bbox 1181 1733 1199 1751; x_wconf 77' lang='grc'><strong>,</strong></span> <span class='ocrx_word' id='word_1_184' title='bbox 1209 1704 1411 1747; x_wconf 79' lang='lat' dir='ltr'><strong>adversus</strong></span> 
     </span>
    </p>

    <p class='ocr_par' dir='ltr' id='par_1_6' title="bbox 13 1769 1412 2044">
     <span class='ocr_line' id='line_1_23' title="bbox 14 1769 1412 1830; baseline 0.003 -15"><span class='ocrx_word' id='word_1_185' title='bbox 14 1781 29 1815; x_wconf 80' lang='lat'><strong>¹.</strong></span> <span class='ocrx_word' id='word_1_186' title='bbox 39 1778 213 1830; x_wconf 75' lang='lat' dir='ltr'><strong>patrum</strong></span> <span class='ocrx_word' id='word_1_187' title='bbox 228 1777 468 1814; x_wconf 80' lang='lat' dir='ltr'><strong>vestrorum</strong></span> <span class='ocrx_word' id='word_1_188' title='bbox 489 1784 579 1812; x_wconf 89' lang='lat' dir='ltr'><strong>non</strong></span> <span class='ocrx_word' id='word_1_189' title='bbox 605 1769 775 1828; x_wconf 86' lang='lat' dir='ltr'><strong>possitis</strong></span> <span class='ocrx_word' id='word_1_190' title='bbox 793 1769 938 1814; x_wconf 87' lang='lat' dir='ltr'><strong>venire</strong></span> <span class='ocrx_word' id='word_1_191' title='bbox 957 1770 1275 1829; x_wconf 79' lang='lat' dir='ltr'><strong>professionem.</strong></span> <span class='ocrx_word' id='word_1_192' title='bbox 1302 1772 1412 1818; x_wconf 82' lang='lat' dir='ltr'><strong>Nam</strong></span> 
     </span>
     <span class='ocr_line' id='line_1_24' title="bbox 13 1839 1409 1901; baseline 0.009 -24"><span class='ocrx_word' id='word_1_193' title='bbox 13 1873 19 1877; x_wconf 83' lang='lat'><em>.</em></span> <span class='ocrx_word' id='word_1_194' title='bbox 42 1855 145 1885; x_wconf 70' lang='lat' dir='ltr'><strong>cum</strong></span> <span class='ocrx_word' id='word_1_195' title='bbox 162 1840 417 1899; x_wconf 68' lang='lat' dir='ltr'><strong>juberentur</strong></span> <span class='ocrx_word' id='word_1_196' title='bbox 447 1839 521 1898; x_wconf 85' lang='lat' dir='ltr'><strong>qui</strong></span> <span class='ocrx_word' id='word_1_197' title='bbox 555 1839 892 1890; x_wconf 58' lang='lat' dir='ltr'><strong>secueram-ant,</strong></span> <span class='ocrx_word' id='word_1_198' title='bbox 928 1849 973 1885; x_wconf 88' lang='lat' dir='ltr'><strong>et</strong></span> <span class='ocrx_word' id='word_1_199' title='bbox 993 1840 1249 1901; x_wconf 76' lang='lat' dir='ltr'><strong>acceperant</strong></span> <span class='ocrx_word' id='word_1_200' title='bbox 1273 1844 1409 1889; x_wconf 81' lang='lat' dir='ltr'><strong>aliena</strong></span> 
     </span>
     <span class='ocr_line' id='line_1_25' title="bbox 19 1909 1408 1970; baseline 0.005 -19"><span class='ocrx_word' id='word_1_201' title='bbox 19 1944 21 1951; x_wconf 20' lang='grc' dir='ltr'>ι</span> <span class='ocrx_word' id='word_1_202' title='bbox 35 1910 242 1970; x_wconf 71' lang='lat' dir='ltr'><strong>pignora,</strong></span> <span class='ocrx_word' id='word_1_203' title='bbox 276 1918 325 1956; x_wconf 84' lang='lat' dir='ltr'><strong>ut</strong></span> <span class='ocrx_word' id='word_1_204' title='bbox 344 1909 619 1955; x_wconf 76' lang='lat' dir='ltr'><strong>restituerent</strong></span> <span class='ocrx_word' id='word_1_205' title='bbox 635 1925 710 1959; x_wconf 86' lang='lat' dir='ltr'><strong>ea,</strong></span> <span class='ocrx_word' id='word_1_206' title='bbox 733 1910 930 1954; x_wconf 81' lang='lat' dir='ltr'><strong>dixerunt</strong></span> <span class='ocrx_word' id='word_1_207' title='bbox 947 1926 959 1953; x_wconf 71' lang='grc' dir='ltr'><strong><em>ι</em></strong></span> <span class='ocrx_word' id='word_1_208' title='bbox 974 1929 992 1951; x_wconf 76' lang='grc' dir='ltr'>ι</span> <span class='ocrx_word' id='word_1_209' title='bbox 1010 1912 1267 1964; x_wconf 82' lang='lat' dir='ltr'><strong>Reddimus,</strong></span> <span class='ocrx_word' id='word_1_210' title='bbox 1286 1922 1332 1957; x_wconf 86' lang='lat' dir='ltr'><strong>et</strong></span> <span class='ocrx_word' id='word_1_211' title='bbox 1352 1916 1408 1958; x_wconf 83' lang='lat' dir='ltr'><strong>ab</strong></span> 
     </span>
     <span class='ocr_line' id='line_1_26' title="bbox 41 1979 1410 2044; baseline 0.001 -19.046"><span class='ocrx_word' id='word_1_212' title='bbox 41 1981 178 2041; x_wconf 75' lang='lat' dir='ltr'><strong>»ipsis</strong></span> <span class='ocrx_word' id='word_1_213' title='bbox 186 1980 296 2027; x_wconf 78' lang='lat' dir='ltr'><strong>nihil</strong></span> <span class='ocrx_word' id='word_1_214' title='bbox 314 1979 582 2039; x_wconf 51' lang='lat' dir='ltr'><strong>quaerimus&amp;</strong></span> <span class='ocrx_word' id='word_1_215' title='bbox 600 1979 740 2024; x_wconf 82' lang='lat' dir='ltr'><strong>»Boni</strong></span> <span class='ocrx_word' id='word_1_216' title='bbox 766 1987 934 2038; x_wconf 82' lang='lat' dir='ltr'><strong>patres,</strong></span> <span class='ocrx_word' id='word_1_217' title='bbox 955 1981 1030 2038; x_wconf 87' lang='lat' dir='ltr'><strong>qui</strong></span> <span class='ocrx_word' id='word_1_218' title='bbox 1049 1990 1290 2027; x_wconf 81' lang='lat' dir='ltr'><strong>statuerunt</strong></span> <span class='ocrx_word' id='word_1_219' title='bbox 1311 1984 1410 2044; x_wconf 88' lang='lat' dir='ltr'><strong>pig-</strong></span> 
     </span>
    </p>

    <p class='ocr_par' dir='ltr' id='par_1_7' title="bbox 14 2049 1409 2184">
     <span class='ocr_line' id='line_1_27' title="bbox 14 2049 1408 2100; baseline 0.002 -3"><span class='ocrx_word' id='word_1_220' title='bbox 14 2086 25 2097; x_wconf 69' lang='grc'><strong>..</strong></span> <span class='ocrx_word' id='word_1_221' title='bbox 38 2058 148 2097; x_wconf 61' lang='lat' dir='ltr'><strong>norb</strong></span> <span class='ocrx_word' id='word_1_222' title='bbox 168 2051 412 2098; x_wconf 74' lang='lat' dir='ltr'><strong>debitorum</strong></span> <span class='ocrx_word' id='word_1_223' title='bbox 436 2066 529 2095; x_wconf 84' lang='lat' dir='ltr'><strong>esse</strong></span> <span class='ocrx_word' id='word_1_224' title='bbox 569 2049 813 2094; x_wconf 49' lang='lat' dir='ltr'><strong>reddendis.</strong></span> <span class='ocrx_word' id='word_1_225' title='bbox 835 2050 939 2094; x_wconf 87' lang='lat' dir='ltr'><strong>boni</strong></span> <span class='ocrx_word' id='word_1_226' title='bbox 975 2051 1105 2095; x_wconf 80' lang='lat' dir='ltr'><strong>etiam</strong></span> <span class='ocrx_word' id='word_1_227' title='bbox 1130 2052 1408 2100; x_wconf 79' lang='lat' dir='ltr'><strong>foeneratores</strong></span> 
     </span>
     <span class='ocr_line' id='line_1_28' title="bbox 41 2119 1409 2184; baseline 0.002 -17.226"><span class='ocrx_word' id='word_1_228' title='bbox 41 2119 448 2183; x_wconf 71' lang='lat' dir='ltr'><strong>quii-esponderunt</strong></span> <span class='ocrx_word' id='word_1_229' title='bbox 461 2123 580 2181; x_wconf 85' lang='lat' dir='ltr'><strong>quod</strong></span> <span class='ocrx_word' id='word_1_230' title='bbox 597 2129 642 2165; x_wconf 83' lang='lat' dir='ltr'><strong>et</strong></span> <span class='ocrx_word' id='word_1_231' title='bbox 654 2121 833 2181; x_wconf 85' lang='lat' dir='ltr'><strong>pignora</strong></span> <span class='ocrx_word' id='word_1_232' title='bbox 849 2123 1102 2174; x_wconf 72' lang='lat' dir='ltr'><strong>oedderent,</strong></span> <span class='ocrx_word' id='word_1_233' title='bbox 1119 2133 1164 2167; x_wconf 92' lang='lat' dir='ltr'><strong>et</strong></span> <span class='ocrx_word' id='word_1_234' title='bbox 1180 2127 1409 2184; x_wconf 82' lang='lat' dir='ltr'><strong>pecuniam</strong></span> 
     </span>
    </p>

    <p class='ocr_par' dir='ltr' id='par_1_8' title="bbox 15 2191 1408 2275">
     <span class='ocr_line' id='line_1_29' title="bbox 15 2191 1408 2275; baseline 0.001 -37"><span class='ocrx_word' id='word_1_235' title='bbox 15 2220 26 2227; x_wconf 87' lang='lat'><strong>·</strong></span> <span class='ocrx_word' id='word_1_236' title='bbox 40 2193 427 2275; x_wconf 73' lang='lat' dir='ltr'><strong>nonreqnimrent,</strong></span> <span class='ocrx_word' id='word_1_237' title='bbox 448 2206 577 2251; x_wconf 77' lang='lat' dir='ltr'><strong>quam</strong></span> <span class='ocrx_word' id='word_1_238' title='bbox 591 2191 819 2236; x_wconf 86' lang='lat' dir='ltr'><strong>dedissent.</strong></span> <span class='ocrx_word' id='word_1_239' title='bbox 845 2192 900 2236; x_wconf 87' lang='lat' dir='ltr'><strong>Et</strong></span> <span class='ocrx_word' id='word_1_240' title='bbox 910 2193 1120 2236; x_wconf 77' lang='lat' dir='ltr'><strong>sententla</strong></span> <span class='ocrx_word' id='word_1_241' title='bbox 1128 2209 1202 2238; x_wconf 81' lang='lat' dir='ltr'><strong>vos</strong></span> <span class='ocrx_word' id='word_1_242' title='bbox 1216 2204 1408 2255; x_wconf 83' lang='lat' dir='ltr'><strong>paternae</strong></span> 
     </span>
    </p>

    <p class='ocr_par' dir='ltr' id='par_1_9' title="bbox 13 2262 1205 2342">
     <span class='ocr_line' id='line_1_30' title="bbox 13 2262 1205 2342; baseline -0.002 -32.944"><span class='ocrx_word' id='word_1_243' title='bbox 13 2263 255 2311; x_wconf 76' lang='lat' dir='ltr'><strong>.censionis</strong></span> <span class='ocrx_word' id='word_1_244' title='bbox 280 2263 347 2308; x_wconf 89' lang='lat' dir='ltr'><strong>bis</strong></span> <span class='ocrx_word' id='word_1_245' title='bbox 367 2262 582 2322; x_wconf 72' lang='lat' dir='ltr'><strong>astringit,</strong></span> <span class='ocrx_word' id='word_1_246' title='bbox 604 2271 649 2306; x_wconf 89' lang='lat' dir='ltr'><strong>et</strong></span> <span class='ocrx_word' id='word_1_247' title='bbox 658 2262 863 2342; x_wconf 64' lang='lat' dir='ltr'><strong>professio</strong></span> <span class='ocrx_word' id='word_1_248' title='bbox 883 2262 1205 2307; x_wconf 84' lang='lat' dir='ltr'><strong>creditorum.</strong></span> 
     </span>
    </p>

    <p class='ocr_par' dir='ltr' id='par_1_10' title="bbox 16 2333 1411 2542">
     <span class='ocr_line' id='line_1_31' title="bbox 72 2333 1408 2394; baseline 0.001 -14.024"><span class='ocrx_word' id='word_1_249' title='bbox 72 2333 277 2381; x_wconf 74' lang='grc' dir='ltr'><strong>’.ἶΙιΧΧΙ</strong></span> <span class='ocrx_word' id='word_1_250' title='bbox 289 2334 365 2379; x_wconf 71' lang='lat' dir='ltr'><strong>Est</strong></span> <span class='ocrx_word' id='word_1_251' title='bbox 383 2342 526 2378; x_wconf 77' lang='lat' dir='ltr'><strong>autem</strong></span> <span class='ocrx_word' id='word_1_252' title='bbox 555 2341 601 2377; x_wconf 90' lang='lat' dir='ltr'><strong>et</strong></span> <span class='ocrx_word' id='word_1_253' title='bbox 628 2333 743 2377; x_wconf 85' lang='lat' dir='ltr'><strong>aliud</strong></span> <span class='ocrx_word' id='word_1_254' title='bbox 776 2333 928 2391; x_wconf 85' lang='lat' dir='ltr'><strong>pignus</strong></span> <span class='ocrx_word' id='word_1_255' title='bbox 954 2333 1072 2390; x_wconf 87' lang='lat' dir='ltr'><strong>quod</strong></span> <span class='ocrx_word' id='word_1_256' title='bbox 1098 2333 1187 2377; x_wconf 84' lang='lat' dir='ltr'><strong>Lex</strong></span> <span class='ocrx_word' id='word_1_257' title='bbox 1210 2333 1408 2394; x_wconf 71' lang='lat' dir='ltr'><strong>spiritalis</strong></span> 
     </span>
     <span class='ocr_line' id='line_1_32' title="bbox 18 2372 1408 2462; baseline 0.002 -15"><span class='ocrx_word' id='word_1_258' title='bbox 18 2372 245 2462; x_wconf 77' lang='lat' dir='ltr'><strong>,prohibet</strong></span> <span class='ocrx_word' id='word_1_259' title='bbox 271 2404 449 2454; x_wconf 60' lang='lat' dir='ltr'><strong>ausen-rh</strong></span> <span class='ocrx_word' id='word_1_260' title='bbox 472 2411 517 2447; x_wconf 87' lang='lat' dir='ltr'><strong>et</strong></span> <span class='ocrx_word' id='word_1_261' title='bbox 530 2404 566 2448; x_wconf 88' lang='lat' dir='ltr'><strong>si</strong></span> <span class='ocrx_word' id='word_1_262' title='bbox 586 2405 735 2448; x_wconf 80' lang='lat' dir='ltr'><strong>datum</strong></span> <span class='ocrx_word' id='word_1_263' title='bbox 751 2403 906 2453; x_wconf 86' lang='lat' dir='ltr'><strong>fuerit,</strong></span> <span class='ocrx_word' id='word_1_264' title='bbox 922 2403 1043 2446; x_wconf 82' lang='lat' dir='ltr'><strong>reddi</strong></span> <span class='ocrx_word' id='word_1_265' title='bbox 1053 2403 1177 2461; x_wconf 84' lang='lat' dir='ltr'><strong>jubet</strong></span> <span class='ocrx_word' id='word_1_266' title='bbox 1195 2413 1294 2449; x_wconf 80' lang='lat' dir='ltr'><strong>ante</strong></span> <span class='ocrx_word' id='word_1_267' title='bbox 1308 2407 1408 2451; x_wconf 87' lang='lat' dir='ltr'><strong>solis</strong></span> 
     </span>
     <span class='ocr_line' id='line_1_33' title="bbox 16 2472 1411 2542; baseline 0.003 -25"><span class='ocrx_word' id='word_1_268' title='bbox 16 2488 275 2523; x_wconf 37' lang='lat' dir='ltr'><strong>specuum:</strong></span> <span class='ocrx_word' id='word_1_269' title='bbox 302 2476 420 2533; x_wconf 90' lang='lat' dir='ltr'><strong>quod</strong></span> <span class='ocrx_word' id='word_1_270' title='bbox 434 2475 564 2519; x_wconf 87' lang='lat' dir='ltr'><strong>homo</strong></span> <span class='ocrx_word' id='word_1_271' title='bbox 579 2474 748 2520; x_wconf 82' lang='lat' dir='ltr'><strong>debitor</strong></span> <span class='ocrx_word' id='word_1_272' title='bbox 761 2472 926 2524; x_wconf 83' lang='lat' dir='ltr'><strong>reddit,</strong></span> <span class='ocrx_word' id='word_1_273' title='bbox 947 2481 992 2518; x_wconf 87' lang='lat' dir='ltr'><strong>et</strong></span> <span class='ocrx_word' id='word_1_274' title='bbox 1006 2473 1095 2534; x_wconf 86' lang='lat' dir='ltr'><strong>ipse</strong></span> <span class='ocrx_word' id='word_1_275' title='bbox 1114 2476 1304 2536; x_wconf 83' lang='lat' dir='ltr'><strong>protulit.</strong></span> <span class='ocrx_word' id='word_1_276' title='bbox 1328 2477 1411 2542; x_wconf 36' lang='grc' dir='ltr'><strong>Βοὴ</strong></span> 
     </span>
    </p>

    <p class='ocr_par' dir='ltr' id='par_1_11' title="bbox 0 2555 1366 2680">
     <span class='ocr_line' id='line_1_34' title="bbox 0 2555 1366 2613; baseline -0.005 -9"><span class='ocrx_word' id='word_1_277' title='bbox 0 2570 60 2610; x_wconf 61' lang='lat'><strong>11..</strong></span> <span class='ocrx_word' id='word_1_278' title='bbox 90 2577 106 2603; x_wconf 66' lang='grc'><strong><em>1</em></strong></span> <span class='ocrx_word' id='word_1_279' title='bbox 123 2567 334 2610; x_wconf 59' lang='grc' dir='ltr'><strong>Μιξιν,</strong></span> <span class='ocrx_word' id='word_1_280' title='bbox 351 2566 461 2603; x_wconf 73' lang='lat'><strong>10-13.</strong></span> <span class='ocrx_word' id='word_1_281' title='bbox 474 2585 520 2596; x_wconf 85' lang='lat'>-</span> <span class='ocrx_word' id='word_1_282' title='bbox 534 2575 550 2602; x_wconf 76' lang='grc'><strong>.-</strong></span> <span class='ocrx_word' id='word_1_283' title='bbox 570 2577 589 2601; x_wconf 71' lang='lat' dir='ltr'><strong>s</strong></span> <span class='ocrx_word' id='word_1_284' title='bbox 605 2565 706 2613; x_wconf 60' lang='lat' dir='ltr'><strong>Esdr-</strong></span> <span class='ocrx_word' id='word_1_285' title='bbox 720 2576 756 2609; x_wconf 83' lang='lat' dir='ltr'><strong>v,</strong></span> <span class='ocrx_word' id='word_1_286' title='bbox 774 2575 829 2604; x_wconf 82' lang='lat' dir='ltr'><strong>n.</strong></span> <span class='ocrx_word' id='word_1_287' title='bbox 1361 2555 1366 2562; x_wconf 83' lang='grc'><strong>’</strong></span> 
     </span>
     <span class='ocr_line' id='line_1_35' title="bbox 191 2621 1338 2680; baseline 0.003 -16"><span class='ocrx_word' id='word_1_288' title='bbox 191 2638 259 2672; x_wconf 67' lang='grc' dir='ltr'><strong>ιν.</strong></span> <span class='ocrx_word' id='word_1_289' title='bbox 369 2666 373 2669; x_wconf 17' lang='grc' dir='ltr'><strong><em>Δ</em></strong></span> <span class='ocrx_word' id='word_1_290' title='bbox 437 2678 439 2680; x_wconf 14' lang='lat' dir='ltr'>q</span> <span class='ocrx_word' id='word_1_291' title='bbox 557 2663 559 2665; x_wconf 85' lang='grc'><em>,</em></span> <span class='ocrx_word' id='word_1_292' title='bbox 628 2671 633 2674; x_wconf 71' lang='lat'>.</span> <span class='ocrx_word' id='word_1_293' title='bbox 662 2651 666 2656; x_wconf 90' lang='lat'><em>·</em></span> <span class='ocrx_word' id='word_1_294' title='bbox 1203 2621 1264 2667; x_wconf 80' lang='lat'><strong>26</strong></span> <span class='ocrx_word' id='word_1_295' title='bbox 1330 2646 1338 2659; x_wconf 84' lang='lat'>=</span> 
     </span>
    </p>
   </div>
  </div>
 </body>
</html>
