1780 3120
326 280 381 310 ms
414 275 807 309 inflamini-noxa
840 274 983 307 nsvin.
1021 278 1102 307 un.
1138 278 1184 309 11.
1351 265 1441 316 441*

78 358 319 404 seess'undit
339 357 520 402 animam
542 371 683 407 suam3
714 366 763 401 ut
793 356 934 400 anima
965 372 1091 416 supra
1122 371 1277 417 corpus
1306 355 1441 400 effusa

77 427 365 474 infirmitatem
386 427 524 471 carnis
547 427 794 477 abscondat,
819 436 934 487 tegat
953 428 1144 487 corporis
1161 429 1215 472 ad
1234 427 1442 487 poe-niten-

78 501 196 552 tiam,
213 508 258 544 et
272 500 405 544 virtus
422 500 583 558 ubique
608 499 759 543 animae
777 499 1017 558 mentisque
1038 500 1285 559 praetendat.
1318 499 1441 542 Unde

76 572 190 615 etin
222 571 530 631 posterioribus
561 569 965 614 dicim-Effundam
998 570 1043 612 in
1077 577 1314 628 conspectu
1346 568 1441 627 ejus

78 643 342 687 »orationem
370 642 547 686 meam¹.
570 642 681 685 »Ubi
712 640 947 686 effunditur
981 640 1140 690 oratio,
1173 639 1233 683 ibi
1267 647 1444 700 peccata

77 722 176 758 sunt
194 721 319 758 tecta.
346 714 540 768 Quorum
556 721 698 757 autem
713 727 948 756 memorem
964 728 1008 756 se
1031 710 1165 756 dicit?
1180 702 1343 755 Eorum
1358 710 1444 754 uti·

77 801 160 844 que
174 800 269 845 quae
287 785 568 834 desiderabat,
590 793 639 828 ut
658 785 823 828 veniret
841 793 885 828 et
909 791 1132 844 appareret
1148 783 1192 827 in
1207 790 1444 842 conspectu

76 855 172 907 Dei,
194 864 244 899 ut
258 856 351 915 ejus
369 857 508 899 aulam
526 856 641 900 illam
658 856 822 899 videret
836 862 1056 904 aeternam,
1076 854 1118 898 in
1137 869 1219 913 qua
1234 853 1447 913 spatiaba-

77 934 148 970 tur
161 925 304 970 animo
319 934 363 970 et
379 935 638 986 praesumpto
656 915 951 970 delectabatur
967 925 1171 984 ingressu.

136 996 213 1040 IX.
261 1015 278 1036 ι
293 997 508 1050 Quoniam
528 996 757 1056 ingrediar,
777 994 932 1054 inquit,
954 996 999 1038 in
1017 997 1163 1039 locum
1179 993 1444 1038 tabernaculi

79 1067 384 1117 nadmiraffilis,
410 1082 546 1126 usque
565 1069 619 1111 ad
641 1067 818 1110 domum
840 1066 932 1110 Dei.
960 1068 1009 1110 In
1030 1081 1137 1110 voce
1155 1066 1442 1115 exultationis,

77 1155 94 1177 ι
107 1145 151 1181 et
170 1136 459 1187 consessionis,
477 1136 640 1180 sonitus
655 1135 906 1196 epulantis².
922 1155 939 1176 ι
952 1136 1047 1179 Non
1062 1135 1276 1179 immerito
1297 1134 1444 1185 ssebat,

78 1208 278 1268 quoniam
312 1215 551 1251 versaretur
580 1207 624 1250 in
657 1207 801 1257 terris,
841 1207 911 1250 cui
945 1206 1132 1250 coelestia
1171 1195 1462 1250 tabernacula

78 1280 363 1330 deberentur,
395 1287 439 1322 et
466 1294 595 1338 quem
627 1279 734 1322 aulae
762 1278 946 1338 potentis
967 1286 1212 1338 expectaret
1231 1277 1443 1321 introitus.

78 1350 270 1410 Denique
285 1350 401 1394 illam
422 1351 556 1394 solam
574 1350 774 1393 omnibus
794 1349 913 1408 regni
930 1349 995 1392 sui
1011 1348 1163 1408 opibus
1178 1348 1447 1408 praeferebat,

79 1421 189 1465 sicut
209 1421 299 1481 ipse
318 1419 569 1464 testificatus
591 1428 657 1464 est
677 1419 776 1462 alibi
794 1419 964 1462 dicens:
994 1420 1162 1462 «Unam
1181 1418 1284 1478 petii
1310 1433 1334 1462 a
1357 1418 1447 1462 Do-

78 1493 241 1543 »mino,
272 1493 385 1536 hanc
418 1491 656 1550 requiram3
691 1498 738 1533 ut
771 1489 1007 1534 inhabitem
1036 1489 1080 1533 in
1109 1491 1239 1533 domo
1269 1488 1445 1533 Domini

78 1578 260 1608 »omnes
284 1562 373 1606 dies
397 1562 494 1606 viiae
516 1577 641 1611 meae,
668 1568 713 1604 et
740 1568 789 1603 ut
811 1560 978 1603 videam
1003 1560 1330 1604 delectationem
1356 1560 1447 1604 Do-

80 1653 97 1675 »
110 1632 255 1677 mini³.
274 1652 291 1673 ι
312 1632 549 1677 Delectatio
569 1631 742 1676 Domini
763 1630 807 1673 in
826 1630 1016 1674 Ecclesia
1040 1638 1129 1673 est:
1162 1630 1352 1674 Ecclesia
1380 1638 1446 1673 est

81 1705 220 1764 imago
252 1703 488 1748 coelestium
507 1720 520 1753 ;
566 1702 726 1747 etenim
762 1710 989 1761 postquam
1033 1700 1186 1745 umbra
1214 1701 1442 1760 praeteriit,

80 1775 218 1836 imago
248 1774 463 1820 successit.
498 1774 655 1818 Umbra
671 1772 893 1832 Synagoga
919 1780 1010 1815 est:
1037 1771 1080 1815 in
1104 1772 1257 1815 umbra
1274 1771 1381 1822 Lex,
1400 1771 1443 1814 in

83 1845 308 1905 Evangelio
322 1845 488 1889 veritas.
515 1844 616 1887 Ideo
632 1843 676 1886 in
689 1842 905 1902 Evangelii
921 1842 1083 1886 lumine
1103 1842 1291 1886 veritatis
1307 1841 1447 1900 imago

84 1917 335 1975 resplendet.
379 1915 531 1958 Flebat
566 1913 693 1972 igitur
730 1911 943 1971 Propheta
955 1929 969 1961 3
1012 1913 1111 1971 quia
1141 1911 1447 1957 differebantur

85 1987 210 2046 plena
234 1986 379 2044 gratiae
400 1985 516 2028 bona
538 1992 582 2028 et
604 1983 759 2026 referta
787 1982 955 2026 laetitiae.

132 2085 142 2100 ¹
163 2074 247 2110 Psal.
260 2085 350 2116 eui,
368 2086 400 2108 a.
422 2091 462 2100 -
482 2085 495 2100 ⁸
519 2073 573 2108 ld.
590 2085 655 2112 ui,
672 2073 706 2106 5.
719 2089 762 2098 —-
776 2074 790 2096 ³
806 2071 860 2107 ld.
876 2084 961 2112 nvn,
978 2074 1012 2113 ⁴.
