1780 3120
404 245 457 276 nn
490 242 885 277 nrt-ratramnum
914 243 1002 278 aon.
1040 243 1121 276 uu.
1160 245 1222 276 111.
1409 231 1497 291 473

137 321 373 382 captivitati
386 322 567 369 nescivit
590 323 906 375 succumbere,
936 332 1066 383 quam
1085 322 1164 369 lilii
1188 321 1385 369 Ezechiae
1398 330 1497 384 per·

139 393 370 442 ιιιΙοιιιιιι.

195 462 313 510 xlv.
345 432 405 509 Et
426 465 591 510 addidit
607 465 788 512 dicens:
803 483 822 508 ι
837 466 950 521 Quia
964 481 1053 511 nou
1066 475 1132 512 est
1136 425 1229 513 illis
1250 466 1392 521 timor,
1411 479 1499 511 non

139 531 466 592 »wtssagellum
484 535 748 582 aDomino.¹
760 536 1094 582 »Jmtuuntem
1111 536 1238 581 dicit.
1253 555 1271 577 ι
1286 536 1501 589 Quoniam

139 602 403 664 »flagellatus
423 620 519 650 sum
538 615 627 651 tota
649 607 743 653 die²
759 626 779 650 »
799 615 846 652 et
857 615 976 667 optat
995 607 1223 667 flagellari,
1247 615 1296 651 ιιι
1318 607 1502 667 recipia-

139 682 212 718 tur
230 690 255 718 a
270 675 486 723 Domino:
514 685 559 721 et
574 678 666 721 vult
685 678 838 723 timere
860 677 1119 729 Dominum,
1138 677 1238 736 quia
1263 677 1391 721 timor
1410 677 1500 721 Do-

138 744 245 789 mini
269 744 437 789 iuitinm
462 746 813 805 sapientiae·est⁸.
848 747 938 792 Nec
961 747 1270 793 beatitudinem
1295 755 1440 806 putat,
1466 746 1503 790 si

139 831 228 865 non
255 816 415 866 abortit
437 817 594 871 bucula
615 818 715 862 sua⁴
735 851 750 868 ,
779 818 891 862 sieut
910 827 1062 878 putant
1082 818 1213 864 stulti.
1245 818 1327 862 Per
1346 818 1501 861 hovem

140 887 256 937 enim
268 887 375 945 quid
389 886 671 947 significatur,
689 890 769 933 nisi
789 890 942 935 ruralis
953 891 1136 935 culturae
1145 890 1289 939 labor,
1303 889 1378 947 qui
1398 904 1506 932 sem·

142 974 220 1018 per
239 958 356 1006 redit
375 960 419 1003 in
441 959 616 1011 orbem,
633 970 679 1005 et
697 976 918 1019 uunquam
937 962 1118 1012 desinit,
1141 964 1217 1006 sed
1231 977 1332 1005 cum
1345 961 1506 1019 expleri

143 1028 336 1080 videtur,
360 1039 587 1075 revocatur
602 1032 647 1076 in
672 1031 925 1076 exordium?
945 1032 1020 1076 Isti
1045 1041 1145 1076 sunt
1158 1033 1233 1091 qui
1258 1034 1407 1076 colunt
1424 1031 1509 1075 So-

144 1099 317 1147 domam
337 1107 381 1143 et
403 1099 702 1147 Gomorrham.
733 1102 847 1161 Ergo
867 1102 941 1160 qui
962 1103 1112 1146 colunt
1129 1103 1389 1162 AEgyptum‚
1415 1103 1507 1161 gle—

144 1170 310 1228 hasque
320 1178 533 1217 terrarum
556 1181 696 1216 aratro
717 1174 905 1231 quodam
924 1174 1071 1217 solidae
1087 1174 1242 1218 mentis
1263 1174 1505 1226 invertunt,

144 1239 337 1288 laborm
365 1240 448 1284 sihi
474 1242 679 1300 pariunt,
717 1251 762 1287 et
795 1244 965 1288 dolores
994 1252 1177 1288 metunt.
1213 1245 1315 1288 Ideo
1349 1244 1506 1287 bucula

146 1325 296 1358 eorum
314 1326 402 1355 uon
426 1312 611 1363 abortia
634 1313 710 1357 sed
733 1315 866 1372 parit,
889 1323 937 1358 ut
957 1324 1162 1374 augeatur
1184 1317 1308 1360 labor
1327 1330 1507 1372 eorum,

147 1389 195 1426 et
218 1391 315 1440 quoe
346 1392 642 1442 conceperunt
671 1385 847 1435 omnia,
858 1394 1085 1444 generant
1117 1386 1208 1430 sine
1237 1387 1393 1430 timore
1413 1376 1505 1429 Dei.

146 1451 259 1496 Justi
287 1461 433 1497 autem
459 1455 587 1513 longe
616 1455 740 1498 aliter
766 1455 1013 1514 gloriantur.
1049 1456 1145 1500 Non
1166 1456 1284 1501 enim
1308 1456 1354 1499 in
1381 1456 1514 1500 abnn-

149 1522 291 1573 dantia
308 1523 579 1575 divitiarum,
602 1541 684 1569 uec
699 1526 745 1569 in
764 1528 890 1585 partu
902 1542 1136 1586 pecorum3
1160 1528 1236 1571 sed
1258 1527 1304 1570 in
1327 1525 1513 1570 Domino

150 1593 386 1651 gloriantur
409 1595 602 1639 diceutes
620 1611 632 1638 ε
654 1614 673 1636 ι
690 1594 756 1640 De
770 1598 924 1641 timore
944 1605 1020 1642 tuo
1035 1598 1080 1642 in
1096 1606 1220 1642 utero
1241 1597 1484 1656 accepimus
1498 1629 1511 1646 ,

149 1681 168 1704 ι
179 1671 224 1708 et
237 1665 537 1723 parturivimus
550 1667 747 1725 spiritum
761 1668 947 1712 salutis⁵.
964 1686 983 1709 n
996 1669 1061 1712 De
1074 1669 1199 1727 justis
1209 1684 1311 1728 ergo
1326 1668 1510 1718 dicitur-3

151 1735 466 1794 quia-spiritum
488 1738 634 1782 salutis
659 1748 974 1796 generaverunt
992 1771 1007 1789 ,
1030 1755 1161 1798 quem
1182 1747 1442 1799 acceperunt
1462 1740 1516 1783 de

152 1804 305 1849 timore
318 1806 423 1857 Dei,
445 1822 534 1850 non
549 1808 602 1851 de
617 1808 776 1851 malitia
793 1808 922 1868 hujus
942 1809 1086 1853 saeculi
1098 1842 1111 1859 ,
1130 1810 1184 1853 de
1203 1824 1285 1867 qua
1302 1809 1481 1868 legimus
1501 1823 1512 1850 ε

164 1893 182 1915 ι
197 1875 311 1920 Ecce
330 1878 555 1936 parturivit
573 1878 827 1937 injustitiam
844 1912 858 1930 ‚
877 1880 1077 1939 concepit
1089 1880 1306 1931 laborem,
1328 1889 1373 1924 et
1390 1895 1517 1939 pepe-

154 1946 241 1990 »rit
260 1947 565 2006 iniquitatem‘.
590 1969 608 1991 ι
629 1951 779 1994 Melior
798 1967 900 2011 ergo
922 1952 1096 1995 abortus
1119 1967 1248 2010 quam
1268 1959 1412 2010 partus
1437 1966 1517 1994 sae-

156 2018 377 2062 cularium.
403 2019 595 2078 Denique
616 2022 670 2064 de
694 2021 869 2065 homine
896 2022 968 2080 qni
989 2022 1032 2064 iu
1052 2022 1135 2065 hoc
1155 2023 1359 2064 saeculum
1374 2020 1514 2070 venit,

156 2095 200 2130 et
220 2089 451 2133 vanitatem
471 2091 623 2134 mundi
646 2092 776 2150 hujus
791 2101 836 2135 et
856 2092 1053 2135 tenebras
1069 2093 1245 2151 pertulit
1256 2091 1522 2150 longaevitate

158 2159 355 2204 diuturna
369 2193 383 2212 ,
411 2162 684 2206 Ecclesiastes
699 2163 990 2222 pronuntiavit
1009 2164 1108 2221 quia
1129 2163 1284 2207 melior
1306 2163 1379 2207 illo
1401 2163 1521 2206 ahor-

159 2229 307 2274 tivus⁷.
334 2231 445 2275 Huic
464 2233 581 2277 euim
601 2234 768 2292 requies
788 2235 921 2292 magis
942 2249 1070 2292 quam
1090 2234 1181 2283 illi;
1205 2234 1305 2292 quia
1331 2249 1419 2277 non
1439 2248 1518 2276 ex-

159 2309 304 2359 pertus
326 2311 392 2345 est
405 2304 650 2347 varietatem
674 2304 817 2362 saeculi
830 2337 843 2354 ,
868 2304 910 2346 in
937 2319 1021 2362 qua
1038 2303 1118 2347 etsi
1138 2304 1255 2347 mille
1275 2319 1407 2347 annos
1423 2302 1518 2361 quis

160 2372 311 2415 vixerit
329 2406 343 2424 ,
358 2374 486 2431 ¹quod
500 2375 662 2418 honum
685 2383 750 2418 est
769 2375 911 2418 videre
933 2391 1020 2418 uon
1043 2375 1195 2434 potuit.
1220 2375 1397 2435 Fugissc
1417 2389 1519 2432 ergo

130 2470 137 2477 -
162 2442 254 2486 haec
270 2444 404 2503 magis
418 2453 483 2489 est
499 2446 663 2505 gratiae,
689 2460 818 2503 quam
835 2445 1028 2489 subiisse.

212 2553 221 2568 ¹
243 2545 322 2578 Job.
335 2557 392 2579 xxi
408 2570 417 2583 .
432 2559 466 2590 9.
487 2565 531 2580 —
552 2555 567 2572 ⁸
583 2546 668 2581 Psal.
695 2556 783 2579 tun
798 2568 808 2585 ,
830 2545 879 2585 uk.
895 2564 939 2571 —
955 2548 971 2571 ³
993 2546 1047 2580 ld.
1061 2557 1122 2584 cx.
1147 2557 1195 2584 ιο.
1212 2552 1247 2580 et
1261 2545 1363 2580 Bccli.
1378 2557 1403 2583 ι,
1421 2544 1523 2579 16.-

195 2597 274 2632 Job.
295 2610 362 2637 ut,
380 2611 429 2633 io.
441 2617 482 2626 ·-
501 2602 513 2623 ⁵
531 2601 606 2635 lsai.
623 2611 711 2638 xxvi,
730 2600 781 2634 ιδ.
794 2618 835 2626 -
850 2601 961 2635 ⁶Psa1.
980 2611 1028 2643 vt,
1044 2603 1095 2636 15.
1116 2619 1158 2628 —
1170 2609 1182 2631 ⁷
1200 2602 1307 2636 Rode.
1319 2611 1368 2638 vt,
