1780 3120
636 262 977 295 Auno-rumus-
1402 246 1488 292 505

126 358 224 389 rom
232 359 259 387 υ
266 343 360 386 iam
363 352 577 402 putamus
584 340 640 384 de
650 340 762 383 bono
771 340 929 383 mortis
939 337 1152 397 conficere
1161 338 1356 396 aliquid,
1372 346 1457 383 etc.
1469 337 1490 382 P

128 415 262 476 Igitur
274 414 390 473 quod
404 412 446 456 in
462 411 546 455 fine
562 412 721 454 ultimae
737 410 1044 454 lucubrationis
1060 425 1143 453 non
1159 408 1259 454 satis
1274 409 1366 453 l'use
1382 417 1491 453 trac-

127 493 264 530 tatum
283 483 440 533 suerat,
461 482 503 526 id
516 482 558 526 in
570 482 653 526 hac
673 481 850 525 uberius
869 490 997 540 atque
1012 481 1252 525 accuratius
1267 481 1494 527 discutien-

108 554 234 600 ·dum
248 553 519 614 proponitur.

184 623 267 668 nic
299 623 441 682 itaque
475 623 662 668 ostendit
688 632 861 668 sanctus
886 624 1048 668 Doctor
1076 624 1194 681 quod
1222 623 1387 666 bonum
1418 622 1490 673 sit,

126 709 276 755 quaeve
289 695 492 738 utilitates
507 695 675 745 mortis,
686 710 901 753 quamque
915 695 986 737 illa
1001 709 1150 752 pamm
1160 693 1506 743 extimescenda„

126 765 394 825 Propositum
416 774 559 809 autem
580 765 666 809 hoc
686 774 813 809 su'um
835 765 935 808 satis
955 773 1155 808 accurata
1176 764 1380 807 methodo
1395 777 1497 822 per-

127 836 331 894 sequitur.
367 836 536 880 Etenim
565 836 778 896 praemissa
801 836 895 879 vitae
917 851 966 879 ac
988 836 1135 881 mortis
1154 833 1404 878 definitione
1419 867 1431 883 ,
1450 842 1496 879 et

127 906 344 951 nonnullis
374 915 523 950 contra
557 907 705 954 mortis
738 907 966 950 utilitatem
985 906 1211 965 oppositis,
1234 920 1329 964 quae
1350 912 1511 964 postea<

125 975 276 1027 diluit,
309 976 521 1035 triplicem
556 977 734 1020 inveniri
769 986 952 1021 mortem
990 978 1280 1026 demonstrat,
1315 973 1496 1032 ejusque

128 1047 304 1091 tertium
325 1063 460 1106 genus
478 1049 597 1107 quod
615 1048 659 1091 in
680 1049 832 1092 animae
855 1057 982 1105 atque
1010 1048 1201 1107 corporis
1228 1045 1497 1104 separatione

125 1116 316 1174 positum
334 1127 418 1172 est,
451 1118 612 1161 bonum
637 1133 730 1161 esse
759 1133 807 1161 ac
828 1118 1039 1161 felicitatis
1060 1120 1234 1176 plenum
1260 1114 1433 1165 evincit,
1454 1121 1498 1158 et

126 1185 165 1228 si
185 1187 291 1244 qnid
312 1189 531 1231 metuendi
554 1190 621 1231 vel
641 1188 903 1231 incommodi
924 1188 1103 1237 habeat,
1134 1187 1179 1230 id
1206 1185 1381 1244 quidem
1408 1198 1496 1228 non

127 1257 275 1308 morti,
295 1259 372 1302 sed
387 1268 541 1304 nostrae
562 1260 752 1319 ipsorum
769 1258 1004 1302 infirmitati
1024 1257 1339 1302 ascribendum.

521 1367 768 1434 sunni-Ario
804 1389 868 1448 (9)
900 1404 997 1448 pag.
1038 1389 1109 1432 56.

191 1509 403 1560 Crimen,
427 1486 474 1552 id
490 1516 570 1559 est,
594 1507 953 1556 criminationem,
979 1506 1182 1549 nimirum
1200 1505 1428 1550 maledicta
1447 1520 1497 1550 ac

130 1579 289 1638 probra
304 1579 349 1623 in
362 1595 537 1623 omnem
552 1578 788 1622 exercitum
808 1577 1089 1621 lsraeliiicum
1103 1594 1128 1621 a
1145 1577 1313 1636 gigante
1328 1576 1500 1621 Goliath

130 1658 347 1709 congesta.

510 1783 757 1814 Annon-1¹10
792 1767 887 1827 (10)
918 1784 1016 1828 pag.
1053 1769 1126 1822 64.

101 1925 106 1928 .
161 1926 165 1928 ,
192 1880 276 1932 Hic
304 1886 481 1946 intelligi
512 1895 653 1946 potest
676 1887 866 1931 mulieris
888 1889 1020 1931 decus
1040 1889 1108 1931 vel
1125 1887 1308 1931 sormam
1330 1868 1513 1938 tentari,

124 1971 239 2002 ‘cum
250 1957 346 2015 quis
355 1972 442 2000 suae
458 1957 627 2000 virtutis
646 1957 826 2000 nimium
840 1972 1059 2015 arrogans,
1083 1959 1140 2001 ad
1157 1958 1275 2003 illam
1293 1955 1504 2002 incautius

138 2041 189 2071 ac
211 2027 476 2085 linquendus
495 2028 701 2071 accedere
718 2042 807 2071 non
821 2027 1081 2071 reformidat.

514 2162 762 2192 annon-rm
796 2147 889 2205 (ιι)
926 2163 1021 2207 pag.
1056 2146 1132 2191 65.

197 2240 341 2313 llente
370 2267 586 2327 suppleas,
622 2266 985 2317 tabernaculum,
1019 2267 1123 2332 vel,
1147 2280 1431 2326 conopoeum,
1463 2267 1508 2315 id

141 2346 224 2390 est,
241 2354 336 2399 quae
352 2338 467 2398 degit
480 2338 524 2382 in
540 2339 701 2410 castris.

546 2474 551 2478 ·
571 2474 820 2504 simon-rio
853 2458 948 2517 (12)
984 2460 1087 2504 ibid.

198 2580 411 2630 uanum
433 2546 506 2628 hic
531 2589 703 2627 sanctus
728 2581 804 2629 Vir
825 2597 878 2627 ea
904 2598 1002 2642 ηοω
1031 2583 1077 2628 in
1107 2581 1360 2643 Symprosio
1387 2581 1509 2629 Plato
