1780 3120
358 229 419 273 92
910 222 942 250 8.
984 221 1176 250 Anmnosu

362 305 416 347 sit
441 303 575 346 anima
604 301 645 343 in
669 313 870 358 corpore,
894 306 942 341 ut
966 296 1147 343 vivificet
1177 311 1352 356 corpus,
1376 296 1459 341 hoc
1481 298 1720 356 gubernet,

355 373 580 418 illuminet.

418 440 593 484 XXVII.
620 439 781 498 Negare
801 446 939 482 tamen
961 453 1045 480 non
1061 453 1286 496 possumus
1305 439 1419 496 quod
1437 440 1722 498 compatiatur

366 509 530 568 corpori
543 524 618 552 suo
631 527 643 559 ;
658 524 755 551 nam
766 516 807 551 et
822 507 1109 550 contristatur.
1131 507 1350 565 Siquidem
1359 508 1484 551 Jesus
1496 509 1573 557 ait:
1591 510 1723 554 «Tris-

360 580 441 623 »tis
460 588 522 622 est
545 580 684 622 anima
700 595 790 622 mea
810 594 944 636 usque
967 579 1019 620 ad
1040 586 1223 621 mortem
1240 578 1273 629 ¹,
1287 598 1303 619 »
1318 579 1517 623 affectum
1537 580 1721 627 hominis

357 651 400 693 in
417 667 460 694 se
476 650 725 709 exprimens.
749 650 798 693 Et
816 649 933 692 alibi:
951 667 967 688 (ι
981 647 1133 691 Anima
1152 665 1245 692 mea
1258 650 1425 694 turbata
1441 659 1505 694 est
1520 651 1641 711 valde
1654 651 1709 695 ².-»

335 721 576 779 ‘Siquidem
590 729 631 764 et
644 722 882 764 modulator
895 719 1077 762 modulis
1088 719 1190 770 suis,
1212 728 1283 763 aut
1298 720 1426 772 tibiae,
1445 729 1518 764 aut
1528 721 1717 772 citharae,

335 793 602 851 “autor-gani,
631 807 747 840 voce,
770 799 890 849 gestu
907 789 1146 847 affectuque
1166 790 1436 848 compatitur.
1465 791 1512 834 In
1530 791 1719 836 tristibus

355 864 467 907 sonis
492 863 648 906 tristior
663 895 674 911 ,
695 862 737 904 in
758 861 862 904 laetis
879 860 1013 903 laetior
1027 892 1038 909 ,
1057 859 1100 902 in
1124 859 1384 903 acutioribus
1406 861 1650 912 excitatior,
1675 862 1719 905 in

341 933 453 991 'ipsis
485 932 721 975 mitioribus
753 930 896 973 mitior
923 938 1048 988 atque
1073 931 1358 981 mansuetior3
1390 939 1439 975 ut
1467 947 1592 975 sonos
1614 947 1718 976 can-

350 1012 477 1047 tuum
490 1003 575 1062 ipse
585 1003 868 1051 commendet,
881 1009 923 1044 et
935 1002 1118 1059 quodam
1130 1003 1257 1044 modo
1267 1003 1512 1046 moduletur
1523 1003 1710 1048 affectus.

353 1075 504 1119 Anima
527 1088 694 1131 quoque
708 1072 750 1115 in
772 1072 855 1115 hoc
874 1087 1052 1130 corpore
1073 1073 1336 1130 tanquamin
1353 1072 1508 1117 fidibus
1529 1074 1716 1129 musicis,

350 1138 447 1202 quae‘
466 1144 604 1186 sobria
625 1151 687 1186 est
707 1151 848 1185 tamen
871 1142 1046 1185 summis
1062 1175 1073 1192 ,
1098 1150 1147 1185 ut
1173 1143 1230 1185 ita
1257 1141 1396 1185 dicam
1410 1175 1422 1194 ,
1443 1143 1582 1202 digitis
1603 1146 1717 1188 velut

343 1229 575 1258 nervorum
591 1229 729 1264 sonos,
756 1213 811 1256 ita
828 1214 970 1271 pulsat
993 1212 1131 1256 carnis
1148 1212 1267 1255 istius
1285 1213 1517 1271 passiones,
1540 1222 1587 1258 ut
1609 1229 1718 1258 con-

346 1300 502 1328 sonum
528 1285 676 1326 reddat·
702 1298 868 1326 morum
900 1291 1026 1341 atque
1056 1283 1261 1326 virtutum
1294 1284 1715 1343 consentientemque

351 1361 632 1403 concentum3
652 1361 698 1395 ut
714 1353 756 1396 in
774 1353 971 1396 omnibus
984 1352 1313 1411 cogitationibus
1330 1353 1432 1403 suis,-
1452 1353 1496 1396 in
1512 1355 1713 1399 omnibus

343 1425 550 1482 operibus
574 1426 615 1467 id
637 1425 870 1474 custodiat,
890 1433 936 1467 ut
957 1424 1099 1467 omnia
1126 1423 1301 1467 consilia
1316 1431 1360 1467 et
1379 1423 1488 1467 facta
1505 1424 1586 1468 sibi
1608 1440 1715 1469 con-

343 1495 506 1538 cinant.
535 1495 688 1538 Anima
704 1504 767 1538 est
789 1510 888 1553 crgo
905 1510 997 1553 quae
1015 1494 1173 1545 utitur,
1199 1509 1354 1553 corpus
1376 1496 1491 1552 quod
1515 1495 1611 1538 usui
1631 1503 1710 1546 est,

345 1580 396 1609 ac
413 1581 489 1624 per
504 1566 586 1608 hoc
605 1566 718 1608 aliud
735 1567 848 1623 quod
863 1565 905 1608 in
919 1565 1114 1623 imperio,
1134 1565 1249 1608 aliud
1265 1566 1381 1623 quod
1398 1565 1441 1607 in
1453 1565 1711 1610 ministerio:

341 1636 463 1679 aliud
484 1637 598 1693 quod
618 1652 777 1685 sumus,
800 1636 915 1679 aliud
935 1638 1052 1693 quod
1073 1643 1266 1679 nostrum
1283 1643 1359 1679 est.
1384 1635 1429 1678 Si
1450 1635 1543 1694 quis
1564 1637 1713 1681 animae

339 1705 706 1763 pulchritudinem
730 1706 888 1764 diligit,
916 1722 992 1749 nos
1014 1706 1149 1764 diligit
1170 1723 1180 1748 ε
1209 1706 1357 1764 siquis
1379 1707 1567 1765 corporis
1591 1709 1715 1751 deco·
1738 1763 1744 1769 „

343 1789 434 1818 rem
457 1776 614 1834 diligit,
643 1791 728 1819 non
751 1776 890 1834 ipsum
921 1776 1140 1819 hominem
1160 1809 1170 1826 ‚
1195 1777 1270 1819 sed
1299 1776 1438 1820 carnis
1460 1776 1596 1836 diligit
1622 1770 1737 1837 pul-‘⁴

343 1846 646 1897 chritudinem,
672 1862 763 1904 quae
779 1855 920 1890 tamen
943 1848 1027 1890 cito
1051 1846 1270 1890 marcessit
1287 1855 1330 1890 et
1350 1846 1512 1891 dcssuit.

400 1915 599 1960 XXVIII.
639 1917 759 1959 Unde
798 1916 857 1959 illi
900 1916 1073 1960 intende
1092 1950 1104 1966 ,
1142 1919 1196 1960 de
1221 1932 1304 1975 quo
1339 1917 1443 1961 dicit
1472 1917 1709 1977 Propheta:

345 2003 374 2025 vtz
393 1985 478 2038 Qui
499 2002 583 2028 non
609 1986 771 2044 accepit
794 1986 835 2029 in
860 2002 1016 2030 vanum
1043 1987 1228 2030 animam
1255 2002 1374 2030 suam
1389 1986 1420 2030 ⁸.
1441 2005 1458 2028 n
1485 1988 1533 2030 In
1554 2003 1712 2032 vanum

346 2056 509 2114 accepit
530 2056 712 2099 animam
726 2072 845 2099 suam
872 2057 884 2113 (
904 2065 949 2100 ut
971 2056 1057 2115 jam
1083 2057 1135 2099 de
1152 2056 1280 2115 hujus
1300 2056 1394 2100 vitae
1417 2056 1608 2101 dicamus
1624 2073 1713 2102 mo-

343 2124 503 2186 lestiis)
526 2126 598 2183 qui
621 2127 835 2169 saecularia
859 2127 998 2177 struit,
1022 2126 1205 2171 aedificat
1227 2127 1474 2186 corporalia.
1510 2128 1712 2181 Quotidie

320 2198 324 2201 ’
341 2195 398 2236 ad
413 2187 625 2238 edendum
646 2204 688 2238 et
708 2197 941 2240 hibendum
964 2198 1192 2256 surgimus,
1212 2206 1254 2241 et
1272 2199 1411 2241 nullus
1434 2199 1643 2257 expletur,
1664 2206 1712 2242 ut

343 2279 433 2308 non
461 2273 555 2322 post
586 2274 851 2309 momentum
878 2268 1035 2311 esuriat
1068 2283 1116 2311 ac
1153 2268 1277 2312 sitiat.
1309 2269 1511 2322 Quotidie
1543 2270 1711 2312 lucrum

341 2333 574 2391 quaerimus
591 2368 602 2385 ,
622 2344 664 2378 et
686 2337 828 2379 nullus
850 2338 1070 2396 cupiditati
1095 2339 1248 2382 modus
1271 2339 1456 2398 ponitur.
1489 2357 1506 2380 α
1529 2339 1623 2384 Non
1643 2355 1711 2383 sa-

342 2421 363 2444 »
378 2403 563 2454 tiabitur,
587 2405 739 2463 inquit,
758 2409 906 2451 oculus
928 2409 1035 2460 visu,
1062 2424 1141 2452 nec
1165 2410 1276 2453 auris
1298 2410 1445 2453 auditu
1457 2409 1488 2454 ⁴.
1515 2429 1531 2451 »
1545 2410 1631 2463 Qui
1651 2410 1710 2453 di-

334 2472 433 2531 {igit
455 2482 673 2532 argentum
688 2509 699 2526 ,
723 2492 809 2520 non
833 2479 1008 2522 satiatur
1031 2487 1218 2538 argento.
1247 2480 1397 2525 Nullus
1416 2479 1512 2524 finis
1533 2480 1706 2532 laboris,

386 2561 402 2606 ‚²
420 2562 537 2596 Matth.
556 2575 647 2609 xxvi,
665 2565 717 2601 38.
739 2586 778 2594 -
794 2579 806 2594 ι
827 2569 909 2604 Psal,
927 2581 971 2609 η,
987 2570 1024 2611 4.
1043 2590 1084 2598 -
1101 2572 1116 2598 ³
1135 2571 1186 2606 ld.
1206 2582 1304 2616 xxm,
1320 2571 1354 2612 4.
1368 2589 1411 2616 ·:
1430 2571 1567 2608 tssocle.
1581 2582 1605 2612 1,
1616 2571 1649 2606 8.
