1780 3120
363 246 447 290 268
906 259 936 286 s.
977 257 1168 286 AMBROSH

357 357 373 377 »
387 337 680 381 benedictione
703 343 822 378 tem-ze
848 334 1040 378 habentis
1066 333 1221 376 omnia.
1235 351 1251 372 n
1265 331 1419 377 Omnia
1439 334 1552 378 enim
1572 335 1720 393 subje-

355 408 413 450 cit
430 408 482 456 ci,
507 406 690 449 coelestia
721 406 829 449 sicut
850 405 1192 448 benedictionem
1220 404 1332 453 eceli,
1357 412 1400 447 et
1421 411 1586 448 terrena
1609 404 1719 450 sicut

355 471 695 519 benedictionem
722 485 860 525 terr-ze,
894 483 942 518 nt
958 482 999 518 et
1015 474 1259 518 hominibus
1277 481 1320 517 et
1336 473 1506 533 Angelis
1523 474 1718 518 domina-

356 557 485 591 retur.

410 617 475 660 LI.
515 618 659 675 ltaque
682 618 723 660 in
747 617 819 661 illo
839 618 954 660 velut
974 615 1285 674 contemptibili
1306 629 1509 673 corpore:
1526 632 1541 654 α
1556 615 1718 659 Prfeva-

354 706 369 727 r»
384 689 516 738 luisti,
546 689 703 746 inquit,
735 697 909 747 propter
930 687 1272 730 benedictionem
1296 686 1477 728 uberum
1501 694 1544 729 et
1565 687 1714 739 vulvae,

354 777 369 797 n
384 759 697 802 benedictiones
721 759 848 817 patris
871 756 931 801 tui
953 766 996 801 et
1017 757 1174 800 matris.
1197 775 1213 797 »
1228 757 1366 799 Ubera
1386 757 1451 799 vel
1475 757 1561 799 duo
1575 756 1717 801 Testa-

352 837 492 871 menta
529 830 645 880 dixit,
680 845 862 887 quorum
895 831 1027 872 altero
1061 827 1333 871 annuntiatus
1366 835 1446 876 est,
1477 828 1609 870 altero
1639 829 1717 871 de-

351 908 618 942 monstratus.
661 901 713 942 Et
741 900 852 942 bene
874 900 1005 942 ubera
1022 931 1033 947 ‚
1065 898 1267 956 quoniam
1292 898 1409 940 velut
1431 898 1615 955 quodam
1640 913 1717 941 nos

351 969 523 1026 spiritali
542 972 650 1013 lacte
676 970 857 1012 nutritos
878 969 1090 1018 educavit,
1118 977 1167 1012 ει*
1179 969 1334 1012 obtulit
1355 968 1444 1012 Deo
1462 968 1593 1012 Filius
1613 985 1623 1010 ε
1648 971 1716 1013 vel

349 1039 487 1081 Mariae
505 1040 606 1082 dicit
621 1039 770 1090 ubera,
783 1055 876 1098 quae
888 1055 984 1083 vere
1000 1039 1224 1083 benedicta
1240 1047 1377 1089 erant,
1397 1038 1551 1097 quibus
1568 1048 1715 1084 sancta

350 1108 479 1167 Virgo
494 1112 653 1169 populo
674 1111 843 1154 Domini
866 1119 1012 1169 potum
1035 1110 1154 1153 lactis
1175 1110 1395 1153 immulsit.
1429 1110 1551 1153 Unde
1570 1118 1613 1154 et
1633 1111 1712 1154 alia

349 1180 500 1222 mulier
522 1180 564 1224 in
585 1181 810 1240 Evangelio
833 1181 889 1224 ait
907 1197 915 1224 :
931 1199 947 1220 (ι
961 1182 1115 1224 Beatus
1139 1189 1285 1224 venter
1305 1180 1378 1239 qui
1395 1188 1437 1224 te
1452 1180 1652 1240 portavit,
1671 1190 1716 1225 et

350 1270 366 1290 »
382 1252 511 1294 ubera
532 1267 624 1310 quae
646 1252 810 1296 suxisti¹
828 1254 836 1295 l
858 1271 874 1292 »
888 1253 1017 1306 Quod
1037 1261 1178 1296 autem
1202 1253 1259 1296 ait
1279 1269 1288 1294 ε
1305 1271 1321 1292 «
1338 1252 1485 1297 Vulvae
1508 1252 1715 1297 benedic-
1761 1248 1765 1252 ”

349 1322 534 1365 »tionem
558 1324 685 1381 patris
708 1323 769 1366 tui
795 1331 839 1366 et
858 1324 1024 1373 matris,
1046 1324 1108 1366 »si
1135 1325 1303 1367 vulvam
1327 1325 1461 1368 solam
1483 1323 1622 1369 Mariae
1646 1341 1712 1368 ve-

349 1393 474 1436 limus
485 1393 732 1452 intelligere‚
746 1409 823 1436 cur
835 1403 1060 1452 utramque
1071 1394 1413 1438 benedictionem
1426 1395 1709 1453 conjunxerit,

345 1465 493 1507 latebit
514 1480 650 1507 causa.
672 1465 814 1508 Potuit
833 1465 946 1508 enim
968 1466 1111 1509 dicere
1127 1468 1180 1510 de
1202 1468 1290 1510 sola
1306 1468 1427 1510 vulva
1444 1466 1604 1510 matris.
1627 1467 1713 1512 Sed

344 1536 561 1593 pulchrius
584 1535 780 1586 arbitror,
802 1543 848 1579 ut
863 1537 1100 1580 secundum
1121 1537 1308 1596 spiritale
1325 1537 1577 1596 mysterium
1592 1537 1713 1581 intel—

344 1607 520 1663 ligamus
534 1615 755 1664 utramque
768 1608 1082 1666 generationem
1098 1609 1268 1651 Domini
1284 1607 1403 1659 Jesu,
1420 1617 1464 1651 et
1474 1609 1711 1652 secundum

341 1676 627 1727 Divinitatcm‚
661 1685 704 1720 et
732 1680 968 1722 secundum
998 1694 1196 1728 carnem;
1235 1679 1332 1737 quia
1355 1686 1452 1722 ante
1474 1679 1625 1723 saecula
1647 1686 1712 1722 est

342 1755 564 1803 generatus
594 1764 646 1790 cx
675 1748 809 1792 Patre.
851 1750 971 1792 Unde
1003 1757 1045 1791 et
1073 1750 1196 1792 Pater
1228 1749 1315 1792 ait:
1349 1748 1600 1793 «Eructavit
1635 1764 1712 1792 cor

344 1833 513 1861 »meum
531 1819 732 1862 verbum²
746 1837 758 1868 3
774 1838 789 1859 n
803 1835 852 1863 eo
869 1821 985 1878 quod
1001 1836 1052 1863 ex
1075 1820 1145 1863 illa
1162 1820 1307 1863 intima
1323 1828 1368 1863 et
1384 1820 1711 1879 incomprehen-

343 1889 450 1932 sibili
481 1889 613 1932 Patris
645 1891 849 1949 processit
879 1891 1131 1940 substantia,
1164 1899 1206 1933 et
1235 1891 1276 1933 in
1309 1891 1399 1950 ipso
1430 1899 1495 1934 est
1522 1905 1703 1949 semper.

347 1960 464 2001 Unde
487 1968 528 2002 et
550 1961 812 2018 Evangelista
833 1961 889 2004 ait
908 1963 951 2004 τέ(
968 1962 1106 2004 Deum
1128 1977 1254 2004 nemo
1272 1961 1377 2004 vidit
1402 1975 1607 2018 unquam,
1629 1961 1709 2004 nisi

343 2030 609 2088 »unigenitus
635 2032 766 2074 Filius
783 2032 854 2090 qui
871 2041 936 2075 est
953 2032 994 2074 in
1014 2032 1107 2074 sinu
1130 2020 1279 2082 Patris,
1301 2032 1389 2091 ipse
1405 2031 1659 2089 enarravit&
1682 2050 1699 2072 n

342 2099 459 2141 Sicut
475 2116 574 2158 ergo
591 2101 705 2144 sinus
720 2103 854 2146 Patris
872 2102 1067 2161 spiritalis
1088 2102 1339 2161 intelligitur
1357 2102 1554 2145 intimum
1574 2103 1708 2160 quod-

344 2169 439 2211 dam
462 2180 645 2229 paternae
668 2173 882 2216 charitatis
905 2182 1153 2231 naturaeque
1176 2182 1405 2225 secretum,
1429 2173 1470 2217 in
1493 2189 1577 2232 quo
1596 2189 1711 2217 sem-—

343 2256 418 2298 per
433 2250 496 2284 est
511 2241 665 2285 Filius:
685 2243 741 2285 ita
757 2243 884 2286 etiam
900 2244 1037 2287 Patris
1052 2245 1249 2303 spiritalis
1262 2254 1325 2288 est
1341 2247 1478 2295 vulva,
1497 2244 1709 2288 interioris

344 2326 562 2361 arcanum,
581 2315 633 2356 de
650 2329 730 2371 qua
748 2322 950 2372 tanquam
968 2331 1018 2358 ex
1034 2315 1206 2373 genitali
1222 2318 1313 2359 alvo
1330 2315 1536 2374 processit
1557 2315 1701 2359 Filius.

325 2380 534 2436 >⁴Denique
565 2383 725 2426 diverse
759 2385 938 2442 legimus
969 2401 1082 2429 nunc
1119 2387 1285 2429 vulvam
1313 2386 1462 2437 Patris,
1496 2400 1610 2429 nunc
1632 2401 1708 2430 cor

343 2449 434 2506 ejus
456 2465 538 2506 quo
564 2452 742 2495 verbum
766 2455 995 2504 eructavit,
1019 2470 1134 2500 nunc
1161 2471 1208 2500 os
1236 2455 1330 2513 ejus
1362 2472 1413 2500 ex
1436 2471 1520 2515 quo
1550 2455 1709 2514 justitia

345 2521 564 2584 processit,
582 2537 634 2564 ex
649 2538 732 2580 quo
749 2525 931 2582 prodivit
948 2526 1171 2584 sapientia,
1188 2525 1404 2586 sicutipse
1421 2526 1478 2572 ait
1496 2541 1506 2570 :
1523 2543 1540 2567 ε
1552 2526 1620 2587 Ἐκ
1633 2541 1708 2573 ore

393 2621 401 2635 ¹
423 2612 503 2651 [suc.
519 2624 566 2664 {¹⁹
584 2623 633 2658 27·
650 2632 689 2639 —
717 2625 729 2640 ⁸
749 2615 831 2651 Psal.
849 2628 932 2655 κων,
951 2629 982 2652 2.
1006 2636 1044 2644 —-
1065 2619 1078 2643 ³
1094 2619 1189 2658 Joan.
1211 2629 1235 2658 1,
1258 2618 1307 2653 ι8.
