1780 3120
360 250 382 279 2
389 234 456 295 46κ
908 239 940 267 5.
979 239 1171 275 annosa

360 310 669 375 nuntiationem
704 333 852 367 eorum
893 332 985 376 quae
1023 318 1328 380 posterioribus
1365 326 1523 374 essent·
1544 327 1724 372 ventura,

359 381 636 456 temporibus,
659 405 785 455 quam
807 389 1150 433 benedictionem
1172 389 1367 454 conferre
1385 405 1430 433 se
1447 390 1567 437 dicit.

421 467 510 520 VII.
534 463 725 520 Denique
749 461 808 504 sic
829 459 958 518 coepit
983 475 993 505 z
1015 478 1031 499 a
1055 460 1208 506 Ruben
1231 459 1472 519 primitivus
1498 475 1620 505 meus
1635 494 1645 510 ,
1678 469 1724 504 tu

365 538 527 592 »virtus
549 550 669 583 mea,
693 541 736 576 et
755 530 921 574 initium
936 529 1123 584 filiorum
1147 547 1370 582 meorum,
1389 533 1521 579 durus
1538 532 1729 592 portari,-

366 628 382 650 »
397 609 526 673 d9rus
547 614 590 649 et
610 602 876 653 temerariuS,
900 601 1076 650 affecisti
1098 618 1165 647 me
1187 602 1464 664 contumelia,
1487 603 1600 647 sicut
1619 618 1730 662 aqua

366 695 482 740 »non
501 677 713 723 efferveas.
740 672 978 717 Ascendisti
1001 673 1115 716 enim
1133 674 1176 717 in
1196 670 1341 724 cubile
1361 673 1494 737 patris
1514 674 1606 724 tui,
1615 682 1728 719 tunc

367 770 384 792 »
378 748 582 823 polluisti
602 756 741 791 torum
754 730 922 803 quando
947 744 1214 799 ascendisti¹.
1232 763 1248 785 »
1261 744 1425 790 Nonne
1422 744 1626 804 redargui
1644 759 1731 789 ma-

370 825 447 882 gis,
485 834 614 878 quam
644 815 840 877 benedici
870 815 1068 858 videtur?
1099 816 1152 882 F*
1188 815 1284 859 ideo
1318 815 1563 875 prophetia
1572 814 1731 873 magis,

371 907 497 950 quam
522 887 762 939 benedictio
793 895 867 932 est.
894 886 1121 945 Prophetia
1149 886 1265 944 enim
1288 885 1552 936 annuntiatio
1573 884 1737 930 futuro-

372 978 470 1006 rum
501 969 588 1010 est,
622 957 864 1013 benedictio
897 965 1040 1010 autem
1073 957 1426 1003 sanctificationis
1442 965 1486 1008 et
1506 956 1737 1016 gratiarum

373 1034 512 1082 votiva
529 1030 710 1077 collatio.

433 1103 545 1146 VIII.
581 1101 635 1145 Et
663 1099 802 1160 Judaei
833 1107 985 1158 putant
1017 1099 1116 1157 quia
1150 1108 1376 1159 propterea
1406 1099 1498 1147 haec
1529 1113 1658 1143 senex
1686 1099 1741 1143 ad

375 1175 527 1226 Ruben
548 1172 684 1216 filium
702 1171 829 1230 dicat,
852 1171 950 1228 quia
969 1186 1067 1214 cum
1090 1171 1190 1215 Bala
1217 1171 1458 1217 concubina
1481 1171 1613 1230 patris
1635 1185 1743 1215 con-

380 1246 545 1297 cubuit,
572 1253 615 1289 et
639 1252 779 1287 torum
802 1243 985 1302 patrium
1013 1243 1179 1302 polluit.
1207 1243 1294 1287 Sed
1312 1243 1435 1289 facile
1457 1242 1709 1290 refelluntur
1727 1259 1745 1293 5

380 1319 464 1362 hoc
490 1317 604 1360 enim
633 1322 723 1358 erat
756 1323 851 1357 ante
882 1322 1048 1373 gestum
1073 1330 1083 1365 ;
1107 1314 1245 1359 Jacob
1276 1323 1421 1360 autem
1445 1330 1540 1373 quae
1566 1321 1746 1358 ventura

381 1396 520 1432 essent
541 1387 584 1430 in
606 1385 840 1429 novissimis
863 1385 1029 1434 diebus,
1047 1400 1132 1427 non
1155 1401 1204 1428 ea
1220 1374 1312 1443 quae
1330 1393 1445 1444 gesta
1462 1393 1599 1435 erant,
1618 1388 1749 1444 spon÷

384 1461 456 1519 det
480 1474 524 1517 se
548 1472 639 1500 esse
665 1456 893 1499 dicturum.
931 1456 1043 1514 Ergo
1075 1455 1332 1509 Patriarchae
1363 1455 1444 1508 sibi
1478 1455 1676 1515 congruit
1698 1462 1750 1503 ,et

386 1517 550 1573 constat
570 1527 793 1578 sententia,
819 1527 891 1585 qui
914 1527 1085 1577 videns,
1107 1527 1462 1586 persequentibus
1480 1526 1661 1576 Judaeis,
1681 1525 1751 1569 su-

384 1611 525 1645 turam
547 1599 718 1643 Domini
747 1599 1016 1658 passionem,
1046 1608 1271 1661 enecratur
1294 1600 1525 1642 immanem
1545 1598 1754 1657 primoge-

386 1672 484 1714 nitae
500 1670 633 1729 plebis
655 1670 892 1721 audaciam,
912 1662 1004 1729 quae
1018 1670 1254 1720 incredula,
1271 1685 1351 1713 nec
1367 1668 1541 1728 Bellen-1
1559 1668 1751 1718 subdita,

389 1751 432 1785 et
451 1742 599 1801 jugum
624 1741 779 1784 Christi
803 1742 908 1784 dura
931 1742 1125 1790 nesciens
1146 1750 1337 1810 portare
1334 1741 1515 1802 cervice,
1535 1747 1755 1821 qncmf'e'ff

391 1812 484 1855 vitae
503 1827 589 1855 non
610 1813 745 1854 solum
763 1812 922 1856 scelere
945 1812 1077 1863 necis,
1076 1813 1177 1857 sed
1192 1812 1320 1856 etiam
1340 1806 1558 1883 sacrilegae
1577 1800 1757 1885 i9s9lta-

392 1884 518 1927 tionis
540 1879 712 1952 affecit
701 1880 869 1942 mjuria.

454 1956 532 1999 IX.
578 1973 595 1995 α
620 1954 714 1999 Νο9
736 1955 959 2006 efferveas,
983 1955 1136 2013 inquit,
1161 1954 1271 1998 sicut
1294 1970 1425 2013 aqua;
1449 1973 1466 1995 »
1494 1970 1548 1998 ne
1565 1948 1610 1997 in
1629 1952 1762 2012 majo·

395 2042 486 2069 rem
504 2036 754 2087 prorumpat
776 2027 1024 2077 amentiam,
1043 2035 1087 2070 et
1106 2027 1247 2071 servor
1268 2026 1423 2070 furoris
1442 2035 1571 2093 atque
1591 2024 1762 2068 insaniae

395 2113 483 2140 non
513 2098 621 2141 sinat
651 2097 898 2156 resipisce-re
922 2105 1203 2157 peccatores:
1225 2099 1300 2140 sed
1325 2105 1450 2157 agant
1469 2094 1764 2176 poenitentiam

400 2169 677 2218 delictorum
697 2168 897 2226 quoniam
916 2168 1047 2211 durus
1063 2168 1251 2212 ascendit
1273 2169 1456 2237 populus
1469 2161 1609 2211 cubile
1620 2161 1767 2226 patris,

402 2247 444 2282 et
466 2247 606 2282 torum
630 2240 781 2298 polluit
809 2249 1027 2291 sanctum,
1057 2241 1140 2283 hoc
1162 2249 1241 2290 est,
1274 2244 1448 2310 carnem
1469 2235 1640 2307 Domini
1664 2233 1769 2281 Jesu

404 2308 616 2352 Creatoris
640 2309 771 2353 nostri
799 2310 992 2369 patibulo'
1017 2310 1190 2370 affigens
1216 2300 1382 2361 crucis,
1411 2307 1455 2353 in
1482 2323 1565 2368 qua
1584 2304 1737 2352 velut
1725 2322 1771 2350 m

406 2380 592 2437 quodam
613 2381 742 2423 cubili
764 2389 806 2425 et
822 2382 959 2440 patrio
982 2391 1075 2426 toro
1093 2382 1227 2426 sancti
1244 2378 1338 2441 cju's
1353 2373 1525 2438 5319ὶ3ὲί
1542 2354 1772 2424 reffictibne

406 2449 685 2507 requiescant.
725 2452 830 2504 Quis
854 2452 984 2511 igitur
1012 2453 1171 2498 abnuat
1200 2455 1253 2496 de
1272 2447 1434 2512 populo
1461 2446 1648 2506 dictum,
1661 2446 1770 2493 cum

406 2522 563 2579 populo
596 2521 687 2564 haec
718 2523 912 2567 universa
947 2523 1238 2568 conveniant?
1268 2519 1370 2583 Ipse
1397 2519 1518 2567 enim
1542 2516 1681 2566 dictus
1707 2525 1772 2564 est

458 2620 468 2635 ¹
495 2611 583 2645 Gen.
614 2622 715 2653 xmx,
737 2625 765 2647 ι.
