1780 3120
398 261 453 291 »Β
485 256 607 289 tsAAc
640 256 696 287 8⁸1·
729 254 875 286 AKfflA·
914 255 1037 285 unna
1068 256 1183 286 UNUS·
1383 229 1390 259 s
1424 254 1481 301 17

80 360 87 364 ·
111 342 270 405 peratis
307 340 395 399 jam
434 334 753 382 adversantibus
777 340 828 377 et
874 322 1118 392 alienigenis
1157 331 1485 401 cogitationibus

118 414 138 470 (
159 413 262 472 quid
283 410 397 454 euim
416 416 502 452 tam
524 406 710 451 alienum
727 403 856 463 quam
873 403 1016 446 omnia
1036 403 1270 454 saeculada,
1283 419 1377 462 quae
1391 420 1487 463 per-

115 492 245 544 petua
265 496 357 525 esse
373 494 459 523 nou
479 484 656 538 possunt
675 478 844 535 >potest
862 475 1029 534 sapiens
1046 475 1188 519 dicere
1209 491 1219 518 z
1251 493 1268 514 ι
1283 475 1486 519 Dilatavit

86 574 95 578 ν
114 553 357 598 ⁴»Dominus
378 550 502 595 nobis
517 582 528 599 ,
556 556 600 592 et
620 546 736 590 auxit
756 561 834 590 nos
853 561 983 604 super
1007 553 1166 588 terram
1179 545 1214 595 ¹,
1237 564 1253 586 ι
1280 546 1490 609 quia-ter-

88 651 94 658 >-
112 639 223 670 vena
245 621 522 667 transcendit.
545 619 727 663 Ultimus
742 625 805 661 est
822 625 975 676 puteus
995 616 1258 668 Juramcnti,
1281 618 1325 660 in
1351 633 1435 676 quo
1453 619 1493 660 ei

120 696 234 740 visus
248 703 312 738 est
327 694 458 741 Deus,
476 699 520 734 et
535 690 641 733 aitei
659 704 668 732 :
691 706 711 728 ι
728 688 823 732 Noli
841 688 1010 737 timere,
1028 695 1172 731 tecum
1189 688 1303 731 enim
1321 688 1484 731 sum2.»

122 765 178 809 Et
198 763 415 808 benedixit
434 777 549 805 eum.
570 760 669 803 Hoec
687 758 881 802 doctrina
896 758 985 816 jam
1007 759 1187 817 mystica
1208 767 1284 803 est.

182 835 344 879 xxm.
381 833 521 876 Habes
543 831 634 874 haec
662 831 707 873 in
737 829 966 873 Salomone
986 862 998 880 ,
1027 830 1124 888 quia
1148 831 1374 874 Proverhia
1403 831 1496 889 ejus

126 905 304 951 moralia
321 922 334 955 3
359 903 638 947 Ecclesiastes
658 902 885 951 naturalis,
910 901 953 944 in
976 916 1061 959 quo
1081 902 1199 960 quasi
1220 903 1426 946 vanitates
1443 903 1501 945 is-

127 976 211 1020 tius
229 974 408 1032 despicit
423 972 574 1015 mundi
586 989 599 1021 ;
610 972 787 1030 mystica
799 971 892 1028 ejus
905 980 1005 1015 sunt
1019 971 1196 1016 Cantica
1210 973 1494 1016 canticorum.

126 1046 269 1090 Habes
282 1053 327 1088 et
347 1045 390 1086 in
405 1043 617 1102 Propheta
637 1057 648 1085 :
678 1059 695 1082 ι
712 1041 928 1084 Seminate
952 1043 1073 1085 vobis
1095 1045 1148 1086 ad
1162 1042 1386 1101 justitiam,
1412 1044 1500 1087 vin-

125 1133 147 1156 ·
159 1115 344 1158 demiate
367 1115 420 1157 ad
433 1113 622 1156 fructum
643 1111 739 1156 vitae
751 1145 764 1162 ,
789 1111 1026 1155 illuminate
1051 1113 1172 1155 vobis
1188 1114 1335 1156 lumen
1352 1114 1495 1172 cogni-

124 1185 284 1229 ·tionis
300 1183 333 1228 ¹.
352 1203 370 1225 ι
395 1184 488 1227 Hoc
514 1191 578 1226 est
598 1183 714 1226 enim
737 1184 885 1226 lumen
905 1182 1158 1240 cognitionis
1183 1183 1343 1245 habere
1366 1183 1508 1226 chari-

122 1256 227 1300 tatis
255 1254 573 1314 perfectionem.
604 1254 792 1312 Ideoque
816 1253 980 1296 dictum
1004 1262 1092 1297 est:
1123 1272 1140 1293 α
1161 1254 1257 1298 Noli
1277 1254 1455 1304 timere3
1478 1274 1494 1293 n

122 1326 314 1372 charitas
342 1326 461 1369 enim
491 1326 691 1369 timorem
726 1325 915 1368 excludit
951 1323 1076 1368 foras.
1110 1325 1166 1368 Ut
1199 1340 1506 1383 cognoscamus

133 1406 277 1442 autem
296 1397 396 1455 quia
410 1404 454 1440 et
475 1395 675 1439 Salomon
696 1395 753 1439 ita
768 1396 847 1439 hos
870 1396 1172 1454 interpretatus
1188 1405 1252 1439 est
1271 1405 1439 1456 puteos,
1458 1405 1505 1441 ut

134 1470 192 1512 ad
214 1469 421 1511 moralem
445 1467 713 1517 doctrinam,
737 1475 780 1509 et
801 1467 1037 1509 naturalem
1062 1466 1263 1516 referret,
1288 1468 1331 1509 et'
1352 1467 1504 1524 mysti-

49 1544 54 1549 '
130 1555 244 1590 cam,
268 1541 311 1582 in
327 1539 501 1597 singulis
520 1539 640 1582 libris
658 1538 760 1588 suis,
787 1553 892 1595 quos
906 1539 958 1581 de
975 1538 1225 1589 moralibus,
1243 1540 1310 1581 vel
1328 1547 1503 1582 natura-

128 1612 258 1661 libus,
281 1613 348 1655 vel
368 1610 558 1669 mysticis
583 1610 767 1669 scripsit,
783 1609 925 1667 posuit
945 1608 1023 1652 hos
1038 1618 1203 1668 puteos.

188 1679 348 1725 XXIV.
374 1681 484 1724 Nam
499 1688 542 1723 et
559 1681 602 1722 in
623 1680 862 1723 Proverbiis
878 1695 976 1722 cum
994 1680 1292 1724 declinandam
1314 1683 1500 1741 speciem

130 1752 295 1797 diceret
332 1750 543 1795 saecularis
574 1751 809 1799 illecebrat,
838 1751 930 1794 ait:
959 1755 985 1790 ἰ
1011 1750 1118 1794 Bibe
1149 1767 1299 1810 aquam
1332 1754 1385 1795 de
1417 1755 1500 1796 tuis

130 1841 152 1865 ι
163 1823 287 1871 vasis,
303 1831 348 1865 et
363 1823 417 1864 de
434 1830 661 1880 puteorum
678 1830 850 1864 tuorum
867 1821 1071 1871 sontibus,
1086 1830 1129 1865 et
1144 1823 1408 1882 superfluant
1422 1825 1499 1867 tibi

131 1906 284 1950 raquae
304 1893 358 1935 de
370 1899 446 1934 tuo
465 1891 582 1935 fonte
597 1891 629 1935 ⁴.
652 1910 668 1932 ι
695 1892 750 1935 Et
770 1891 877 1935 infra
897 1908 908 1934 :
939 1910 956 1931 α
970 1892 1085 1936 Fons
1102 1909 1220 1951 aquae
1242 1903 1324 1938 tuae
1346 1895 1399 1937 sit
1421 1894 1499 1938 tibi

99 1999 103 2002 .
130 1962 376 2022 ‚proprium
393 1971 438 2006 et
457 1962 695 2020 jucundare
718 1978 818 2006 cum
840 1963 999 2006 uxore⁵
1017 1979 1030 2012 ;
1049 1982 1065 2003 ι
1091 1979 1141 2006 eo
1162 1966 1278 2021 quod
1299 1966 1495 2008 adversus

132 2039 394 2076 tentamenta
414 2033 563 2076 muudi
583 2033 772 2076 remedio
794 2033 917 2076 nobis
932 2049 1029 2076 vera
1051 2034 1255 2092 sapientia
1271 2035 1335 2078 sit.
1362 2036 1499 2078 Mora-

136 2102 190 2146 tis
211 2118 381 2160 quoque
408 2103 601 2146 doctrina
617 2136 628 2152 ‚
653 2119 745 2161 quae
771 2104 996 2162 imaginem
1028 2105 1254 2148 mundaum
1275 2107 1502 2164 voluptatis

137 2173 390 2216 meretriciis
408 2174 661 2231 quibusdam
691 2174 839 2218 illitam
860 2175 967 2219 sucis
994 2175 1152 2234 irriguo
1175 2191 1251 2219 suo
1278 2176 1435 2227 diluat,
1457 2187 1500 2222 et

133 2242 298 2286 fluento
319 2244 392 2290 sui,
408 2243 535 2287 fontis
555 2243 778 2304 abstergat.
1368 2258 1370 2261 ’

192 2313 332 2358 XXV.
368 2315 432 2358 De
475 2316 739 2359 naturalibus
777 2331 947 2376 quoque
989 2317 1122 2360 habes
1162 2318 1205 2360 in
1244 2318 1498 2364 Ecclesiaste

136 2383 300 2429 dictum
318 2399 329 2427 ε
356 2384 499 2428 «Feci
532 2386 639 2429 mihi
675 2387 860 2445 piscinas
901 2376 1105 2446 aquarum
1147 2383 1201 2431 ad
1239 2389 1501 2449 irrigandum

134 2459 220 2498 'ek
242 2454 308 2498 his
335 2452 489 2499 saltum
519 2457 828 2515 germinantem
845 2457 876 2501 ⁶.
908 2476 926 2499 ι
950 2456 1098 2517 Neque
1119 2466 1161 2502 te
1185 2470 1354 2505 moveat
1385 2464 1502 2520 quod

182 2565 195 2582 ⁸
210 2556 300 2590 Gen.
318 2568 412 2598 xxvi,
427 2570 479 2592 aa.
499 2579 541 2586 ·-
560 2568 573 2583 ⁸
591 2561 751 2612 Ihm-,²4
771 2580 820 2606 -Π
836 2545 854 2587 ’3
871 2537 967 2596 Osce.
989 2573 1022 2603 x,
1044 2573 1094 2607 ia.
1117 2581 1159 2588 —
1176 2567 1188 2603 4
1204 2564 1303 2598 Prov.
1331 2577 1364 2608 x,
1385 2567 1438 2604 15.
1465 2584 1504 2593 -

138 2613 155 2636 Ι
171 2610 260 2646 lbid.
285 2613 335 2646 ιδ.
350 2632 388 2639 -
403 2615 420 2638 ⁶
435 2615 546 2650 Eecle.
563 2627 604 2657 ιι,
620 2617 653 2651 6.
687 2626 690 2630 ’
779 2622 782 2623 ’

286 2683 349 2711 LV.
1334 2692 1357 2720 2
