<?xml version="1.0" encoding="UTF-8"?>
<!DOCTYPE html PUBLIC "-//W3C//DTD XHTML 1.0 Transitional//EN"
    "http://www.w3.org/TR/xhtml1/DTD/xhtml1-transitional.dtd">
<html xmlns="http://www.w3.org/1999/xhtml" xml:lang="en" lang="en">
 <head>
  <title>
</title>
<meta http-equiv="Content-Type" content="text/html;charset=utf-8" />
  <meta name='ocr-system' content='tesseract 3.04.00' />
  <meta name='ocr-capabilities' content='ocr_page ocr_carea ocr_par ocr_line ocrx_word'/>
</head>
<body>
  <div class='ocr_page' id='page_1' title='image "./omniaequaeextant02ambruoft_0108.png"; bbox 0 0 1780 3120; ppageno 0'>
   <div class='ocr_carea' id='block_1_1' title="bbox 315 272 1124 317">
    <p class='ocr_par' dir='ltr' id='par_1_1' title="bbox 315 272 1124 317">
     <span class='ocr_line' id='line_1_1' title="bbox 315 272 1124 317; baseline -0.022 0"><span class='ocrx_word' id='word_1_1' title='bbox 315 289 332 317; x_wconf 83' lang='lat'>1</span> <span class='ocrx_word' id='word_1_2' title='bbox 341 288 398 316; x_wconf 87' lang='lat' dir='ltr'>oo</span> <span class='ocrx_word' id='word_1_3' title='bbox 862 276 893 304; x_wconf 87' lang='lat' dir='ltr'>s.</span> <span class='ocrx_word' id='word_1_4' title='bbox 934 272 1124 303; x_wconf 72' lang='lat' dir='ltr'>Aunnosn</span> 
     </span>
    </p>
   </div>
   <div class='ocr_carea' id='block_1_2' title="bbox 311 339 1711 2599">
    <p class='ocr_par' dir='ltr' id='par_1_2' title="bbox 311 339 1693 1614">
     <span class='ocr_line' id='line_1_2' title="bbox 311 339 1671 423; baseline -0.015 -17"><span class='ocrx_word' id='word_1_5' title='bbox 311 361 455 423; x_wconf 74' lang='lat' dir='ltr'>plina?</span> <span class='ocrx_word' id='word_1_6' title='bbox 475 361 580 412; x_wconf 78' lang='lat' dir='ltr'>Qum</span> <span class='ocrx_word' id='word_1_7' title='bbox 602 354 763 415; x_wconf 71' lang='lat' dir='ltr'>gratia?</span> <span class='ocrx_word' id='word_1_8' title='bbox 786 353 937 397; x_wconf 84' lang='lat' dir='ltr'><strong>Nonne</strong></span> <span class='ocrx_word' id='word_1_9' title='bbox 958 351 1022 393; x_wconf 89' lang='lat' dir='ltr'>his</span> <span class='ocrx_word' id='word_1_10' title='bbox 1044 347 1235 406; x_wconf 87' lang='lat' dir='ltr'>quamvis</span> <span class='ocrx_word' id='word_1_11' title='bbox 1260 347 1425 389; x_wconf 86' lang='lat' dir='ltr'>tardum</span> <span class='ocrx_word' id='word_1_12' title='bbox 1453 339 1671 406; x_wconf 68' lang='lat' dir='ltr'>ingenium</span> 
     </span>
     <span class='ocr_line' id='line_1_3' title="bbox 314 417 1670 490; baseline -0.011 -14"><span class='ocrx_word' id='word_1_13' title='bbox 314 434 486 490; x_wconf 84' lang='lat' dir='ltr'>diligere</span> <span class='ocrx_word' id='word_1_14' title='bbox 512 436 727 472; x_wconf 85' lang='lat' dir='ltr'>auctorem</span> <span class='ocrx_word' id='word_1_15' title='bbox 751 439 873 467; x_wconf 88' lang='lat' dir='ltr'>sunm</span> <span class='ocrx_word' id='word_1_16' title='bbox 899 419 1184 479; x_wconf 75' lang='lat' dir='ltr'>provocatur?</span> <span class='ocrx_word' id='word_1_17' title='bbox 1206 418 1372 460; x_wconf 85' lang='lat' dir='ltr'>Etenim</span> <span class='ocrx_word' id='word_1_18' title='bbox 1394 417 1427 485; x_wconf 84' lang='lat' dir='ltr'>si</span> <span class='ocrx_word' id='word_1_19' title='bbox 1449 427 1670 477; x_wconf 66' lang='lat' dir='ltr'>parentes,</span> 
     </span>
     <span class='ocr_line' id='line_1_4' title="bbox 313 489 1675 561; baseline -0.01 -15"><span class='ocrx_word' id='word_1_20' title='bbox 313 504 408 561; x_wconf 86' lang='lat' dir='ltr'>quia</span> <span class='ocrx_word' id='word_1_21' title='bbox 431 516 506 543; x_wconf 86' lang='lat' dir='ltr'>nos</span> <span class='ocrx_word' id='word_1_22' title='bbox 528 503 788 556; x_wconf 80' lang='lat' dir='ltr'>genuerunt,</span> <span class='ocrx_word' id='word_1_23' title='bbox 815 507 1007 536; x_wconf 87' lang='lat' dir='ltr'>amamus</span> <span class='ocrx_word' id='word_1_24' title='bbox 1026 507 1036 533; x_wconf 74' lang='grc' dir='ltr'><strong>ε</strong></span> <span class='ocrx_word' id='word_1_25' title='bbox 1067 497 1226 547; x_wconf 82' lang='lat' dir='ltr'>quanto</span> <span class='ocrx_word' id='word_1_26' title='bbox 1248 489 1381 547; x_wconf 85' lang='lat' dir='ltr'>magis</span> <span class='ocrx_word' id='word_1_27' title='bbox 1404 490 1675 554; x_wconf 22' lang='lat' dir='ltr'>diligere-de-</span> 
     </span>
     <span class='ocr_line' id='line_1_5' title="bbox 312 559 1674 624; baseline -0.011 -9"><span class='ocrx_word' id='word_1_28' title='bbox 312 574 462 615; x_wconf 87' lang='lat' dir='ltr'>hemus</span> <span class='ocrx_word' id='word_1_29' title='bbox 478 576 712 612; x_wconf 72' lang='lat' dir='ltr'>creatorem</span> <span class='ocrx_word' id='word_1_30' title='bbox 729 571 951 624; x_wconf 86' lang='lat' dir='ltr'>parentum</span> <span class='ocrx_word' id='word_1_31' title='bbox 965 595 977 612; x_wconf 92' lang='lat'>‚</span> <span class='ocrx_word' id='word_1_32' title='bbox 998 569 1300 617; x_wconf 79' lang='lat' dir='ltr'>auctoremque</span> <span class='ocrx_word' id='word_1_33' title='bbox 1321 559 1543 602; x_wconf 78' lang='lat' dir='ltr'>nostrum?</span> <span class='ocrx_word' id='word_1_34' title='bbox 1562 560 1674 618; x_wconf 67' lang='lat' dir='ltr'>Ergo</span> 
     </span>
     <span class='ocr_line' id='line_1_6' title="bbox 312 630 1677 702; baseline -0.012 -16"><span class='ocrx_word' id='word_1_35' title='bbox 312 641 547 702; x_wconf 82' lang='lat' dir='ltr'>operatoria</span> <span class='ocrx_word' id='word_1_36' title='bbox 570 639 700 695; x_wconf 83' lang='lat' dir='ltr'>virtus</span> <span class='ocrx_word' id='word_1_37' title='bbox 720 636 797 679; x_wconf 84' lang='lat' dir='ltr'>Dei</span> <span class='ocrx_word' id='word_1_38' title='bbox 816 634 894 677; x_wconf 80' lang='lat' dir='ltr'>etsi</span> <span class='ocrx_word' id='word_1_39' title='bbox 916 648 1000 675; x_wconf 89' lang='lat' dir='ltr'>non</span> <span class='ocrx_word' id='word_1_40' title='bbox 1030 631 1212 679; x_wconf 72' lang='lat' dir='ltr'>videtur,</span> <span class='ocrx_word' id='word_1_41' title='bbox 1233 639 1375 672; x_wconf 81' lang='lat' dir='ltr'>tamen</span> <span class='ocrx_word' id='word_1_42' title='bbox 1391 645 1443 672; x_wconf 87' lang='lat' dir='ltr'>ex</span> <span class='ocrx_word' id='word_1_43' title='bbox 1465 630 1550 673; x_wconf 84' lang='lat' dir='ltr'>suis</span> <span class='ocrx_word' id='word_1_44' title='bbox 1572 645 1677 688; x_wconf 85' lang='lat' dir='ltr'>ope-</span> 
     </span>
     <span class='ocr_line' id='line_1_7' title="bbox 313 701 1679 765; baseline -0.012 -7"><span class='ocrx_word' id='word_1_45' title='bbox 313 715 432 758; x_wconf 87' lang='lat' dir='ltr'>ribus</span> <span class='ocrx_word' id='word_1_46' title='bbox 458 712 712 758; x_wconf 82' lang='lat' dir='ltr'>aestimatur,</span> <span class='ocrx_word' id='word_1_47' title='bbox 749 713 1101 765; x_wconf 76' lang='lat' dir='ltr'>operatoremque</span> <span class='ocrx_word' id='word_1_48' title='bbox 1134 716 1261 760; x_wconf 86' lang='lat' dir='ltr'>opera</span> <span class='ocrx_word' id='word_1_49' title='bbox 1286 715 1359 744; x_wconf 84' lang='lat' dir='ltr'>sua</span> <span class='ocrx_word' id='word_1_50' title='bbox 1385 701 1596 760; x_wconf 88' lang='lat' dir='ltr'>produnt,</span> <span class='ocrx_word' id='word_1_51' title='bbox 1629 708 1679 743; x_wconf 85' lang='lat' dir='ltr'>ut:</span> 
     </span>
     <span class='ocr_line' id='line_1_8' title="bbox 313 770 1674 840; baseline -0.01 -13"><span class='ocrx_word' id='word_1_52' title='bbox 313 783 571 840; x_wconf 76' lang='lat' dir='ltr'><strong>intelligatur</strong></span> <span class='ocrx_word' id='word_1_53' title='bbox 581 779 750 837; x_wconf 91' lang='lat' dir='ltr'>quinon</span> <span class='ocrx_word' id='word_1_54' title='bbox 769 774 1156 834; x_wconf 80' lang='lat' dir='ltr'><strong>comprehenditur.</strong></span> <span class='ocrx_word' id='word_1_55' title='bbox 1180 772 1300 814; x_wconf 85' lang='lat' dir='ltr'><strong>Unde</strong></span> <span class='ocrx_word' id='word_1_56' title='bbox 1312 780 1355 814; x_wconf 80' lang='lat' dir='ltr'>et</span> <span class='ocrx_word' id='word_1_57' title='bbox 1369 771 1576 814; x_wconf 85' lang='lat' dir='ltr'>Dominus</span> <span class='ocrx_word' id='word_1_58' title='bbox 1594 770 1674 813; x_wconf 79' lang='lat' dir='ltr'>ait:</span> 
     </span>
     <span class='ocr_line' id='line_1_9' title="bbox 324 841 1681 903; baseline -0.014 -9"><span class='ocrx_word' id='word_1_59' title='bbox 324 873 340 894; x_wconf 78' lang='grc' dir='ltr'>ιι</span> <span class='ocrx_word' id='word_1_60' title='bbox 362 855 406 897; x_wconf 91' lang='lat' dir='ltr'>Si</span> <span class='ocrx_word' id='word_1_61' title='bbox 427 853 530 895; x_wconf 85' lang='lat' dir='ltr'>mihi</span> <span class='ocrx_word' id='word_1_62' title='bbox 550 866 632 893; x_wconf 92' lang='lat' dir='ltr'>non</span> <span class='ocrx_word' id='word_1_63' title='bbox 658 848 829 893; x_wconf 74' lang='lat' dir='ltr'>creditis</span> <span class='ocrx_word' id='word_1_64' title='bbox 855 862 865 889; x_wconf 75' lang='grc' dir='ltr'><strong><em>ε</em></strong></span> <span class='ocrx_word' id='word_1_65' title='bbox 886 847 950 888; x_wconf 88' lang='lat' dir='ltr'>vol</span> <span class='ocrx_word' id='word_1_66' title='bbox 973 844 1173 903; x_wconf 84' lang='lat' dir='ltr'>operibus</span> <span class='ocrx_word' id='word_1_67' title='bbox 1191 842 1352 885; x_wconf 79' lang='lat' dir='ltr'>credite</span> <span class='ocrx_word' id='word_1_68' title='bbox 1369 841 1399 885; x_wconf 87' lang='lat'>¹.</span> <span class='ocrx_word' id='word_1_69' title='bbox 1426 860 1444 882; x_wconf 65' lang='lat' dir='ltr'>n</span> <span class='ocrx_word' id='word_1_70' title='bbox 1468 843 1588 886; x_wconf 71' lang='lat' dir='ltr'>Bona</span> <span class='ocrx_word' id='word_1_71' title='bbox 1606 842 1681 901; x_wconf 65' lang='lat' dir='ltr'>igi-</span> 
     </span>
     <span class='ocr_line' id='line_1_10' title="bbox 313 911 1681 972; baseline -0.009 -6"><span class='ocrx_word' id='word_1_72' title='bbox 313 932 384 966; x_wconf 89' lang='lat' dir='ltr'>tur</span> <span class='ocrx_word' id='word_1_73' title='bbox 405 923 531 965; x_wconf 85' lang='lat' dir='ltr'>etiam</span> <span class='ocrx_word' id='word_1_74' title='bbox 555 921 646 963; x_wconf 82' lang='lat' dir='ltr'>haec</span> <span class='ocrx_word' id='word_1_75' title='bbox 669 919 814 961; x_wconf 87' lang='lat' dir='ltr'>civitas</span> <span class='ocrx_word' id='word_1_76' title='bbox 842 917 893 958; x_wconf 86' lang='lat' dir='ltr'>ad</span> <span class='ocrx_word' id='word_1_77' title='bbox 925 914 1162 972; x_wconf 84' lang='lat' dir='ltr'>refugium,</span> <span class='ocrx_word' id='word_1_78' title='bbox 1191 927 1284 970; x_wconf 87' lang='lat' dir='ltr'>quae</span> <span class='ocrx_word' id='word_1_79' title='bbox 1318 911 1586 955; x_wconf 74' lang='lat' dir='ltr'>aedifica-toris</span> <span class='ocrx_word' id='word_1_80' title='bbox 1615 912 1681 955; x_wconf 80' lang='lat' dir='ltr'>sui</span> 
     </span>
     <span class='ocr_line' id='line_1_11' title="bbox 315 981 1682 1048; baseline -0.009 -12"><span class='ocrx_word' id='word_1_81' title='bbox 315 992 565 1036; x_wconf 84' lang='lat' dir='ltr'>testificatur</span> <span class='ocrx_word' id='word_1_82' title='bbox 586 989 761 1048; x_wconf 85' lang='lat' dir='ltr'>gratiam</span> <span class='ocrx_word' id='word_1_83' title='bbox 781 1019 791 1036; x_wconf 90' lang='lat'><em>‚</em></span> <span class='ocrx_word' id='word_1_84' title='bbox 815 993 857 1029; x_wconf 82' lang='lat' dir='ltr'>et</span> <span class='ocrx_word' id='word_1_85' title='bbox 880 985 1078 1028; x_wconf 84' lang='lat' dir='ltr'>affectum</span> <span class='ocrx_word' id='word_1_86' title='bbox 1102 991 1295 1026; x_wconf 88' lang='lat' dir='ltr'>nostrum</span> <span class='ocrx_word' id='word_1_87' title='bbox 1317 983 1490 1032; x_wconf 82' lang='lat' dir='ltr'>excitat,</span> <span class='ocrx_word' id='word_1_88' title='bbox 1518 991 1567 1025; x_wconf 88' lang='lat' dir='ltr'>ut</span> <span class='ocrx_word' id='word_1_89' title='bbox 1588 981 1682 1041; x_wconf 83' lang='lat' dir='ltr'>ejus</span> 
     </span>
     <span class='ocr_line' id='line_1_12' title="bbox 320 1054 1684 1120; baseline -0.008 -14"><span class='ocrx_word' id='word_1_90' title='bbox 320 1064 449 1106; x_wconf 85' lang='lat' dir='ltr'>simus</span> <span class='ocrx_word' id='word_1_91' title='bbox 472 1060 728 1120; x_wconf 78' lang='lat' dir='ltr'>cupidiores,</span> <span class='ocrx_word' id='word_1_92' title='bbox 749 1057 821 1115; x_wconf 89' lang='lat' dir='ltr'>qui</span> <span class='ocrx_word' id='word_1_93' title='bbox 841 1064 1000 1099; x_wconf 83' lang='lat' dir='ltr'>tantam</span> <span class='ocrx_word' id='word_1_94' title='bbox 1019 1055 1140 1097; x_wconf 88' lang='lat' dir='ltr'>nobis</span> <span class='ocrx_word' id='word_1_95' title='bbox 1160 1054 1330 1097; x_wconf 84' lang='lat' dir='ltr'>sabricae</span> <span class='ocrx_word' id='word_1_96' title='bbox 1346 1054 1475 1112; x_wconf 86' lang='lat' dir='ltr'>hujus</span> <span class='ocrx_word' id='word_1_97' title='bbox 1489 1054 1684 1096; x_wconf 82' lang='lat' dir='ltr'>videatur</span> 
     </span>
     <span class='ocr_line' id='line_1_13' title="bbox 320 1125 1686 1190; baseline -0.008 -12"><span class='ocrx_word' id='word_1_98' title='bbox 320 1133 549 1178; x_wconf 75' lang='lat' dir='ltr'>contulisse</span> <span class='ocrx_word' id='word_1_99' title='bbox 571 1128 950 1190; x_wconf 86' lang='lat' dir='ltr'>pulchritudinem.</span> <span class='ocrx_word' id='word_1_100' title='bbox 977 1126 1146 1169; x_wconf 84' lang='lat' dir='ltr'>Tertius</span> <span class='ocrx_word' id='word_1_101' title='bbox 1168 1127 1272 1168; x_wconf 90' lang='lat' dir='ltr'>ordo</span> <span class='ocrx_word' id='word_1_102' title='bbox 1295 1134 1358 1169; x_wconf 89' lang='lat' dir='ltr'>est</span> <span class='ocrx_word' id='word_1_103' title='bbox 1378 1125 1528 1184; x_wconf 76' lang='lat' dir='ltr'>regalis</span> <span class='ocrx_word' id='word_1_104' title='bbox 1543 1133 1686 1184; x_wconf 82' lang='lat' dir='ltr'>potes·</span> 
     </span>
     <span class='ocr_line' id='line_1_14' title="bbox 318 1196 1686 1260; baseline -0.007 -12"><span class='ocrx_word' id='word_1_105' title='bbox 318 1204 415 1248; x_wconf 85' lang='lat' dir='ltr'>tatis</span> <span class='ocrx_word' id='word_1_106' title='bbox 435 1201 735 1260; x_wconf 83' lang='lat' dir='ltr'>contemplatio</span> <span class='ocrx_word' id='word_1_107' title='bbox 751 1233 761 1249; x_wconf 92' lang='lat'><strong>,</strong></span> <span class='ocrx_word' id='word_1_108' title='bbox 790 1207 835 1242; x_wconf 91' lang='lat' dir='ltr'>ut</span> <span class='ocrx_word' id='word_1_109' title='bbox 855 1197 1136 1255; x_wconf 81' lang='lat' dir='ltr'>subjiciamur</span> <span class='ocrx_word' id='word_1_110' title='bbox 1157 1196 1270 1255; x_wconf 89' lang='lat' dir='ltr'>regi,</span> <span class='ocrx_word' id='word_1_111' title='bbox 1291 1197 1324 1239; x_wconf 92' lang='lat' dir='ltr'>si</span> <span class='ocrx_word' id='word_1_112' title='bbox 1349 1212 1435 1239; x_wconf 91' lang='lat' dir='ltr'>non</span> <span class='ocrx_word' id='word_1_113' title='bbox 1457 1196 1686 1239; x_wconf 86' lang='lat' dir='ltr'>deserimus</span> 
     </span>
     <span class='ocr_line' id='line_1_15' title="bbox 322 1267 1690 1329; baseline -0.007 -11"><span class='ocrx_word' id='word_1_114' title='bbox 322 1275 530 1320; x_wconf 79' lang='lat' dir='ltr'>honorem</span> <span class='ocrx_word' id='word_1_115' title='bbox 551 1282 750 1329; x_wconf 84' lang='lat' dir='ltr'>tanquam</span> <span class='ocrx_word' id='word_1_116' title='bbox 767 1269 944 1329; x_wconf 88' lang='lat' dir='ltr'>parenti.</span> <span class='ocrx_word' id='word_1_117' title='bbox 967 1269 1081 1311; x_wconf 86' lang='lat' dir='ltr'>Metu</span> <span class='ocrx_word' id='word_1_118' title='bbox 1097 1268 1210 1311; x_wconf 89' lang='lat' dir='ltr'>enim</span> <span class='ocrx_word' id='word_1_119' title='bbox 1228 1267 1490 1327; x_wconf 80' lang='lat' dir='ltr'>praesidentis</span> <span class='ocrx_word' id='word_1_120' title='bbox 1503 1269 1690 1327; x_wconf 81' lang='lat' dir='ltr'>plerum-</span> 
     </span>
     <span class='ocr_line' id='line_1_16' title="bbox 323 1339 1691 1403; baseline -0.006 -15"><span class='ocrx_word' id='word_1_121' title='bbox 323 1361 404 1403; x_wconf 87' lang='lat' dir='ltr'>que</span> <span class='ocrx_word' id='word_1_122' title='bbox 430 1344 478 1386; x_wconf 87' lang='lat' dir='ltr'>fit</span> <span class='ocrx_word' id='word_1_123' title='bbox 499 1344 698 1386; x_wconf 88' lang='lat' dir='ltr'>obediens</span> <span class='ocrx_word' id='word_1_124' title='bbox 721 1340 939 1400; x_wconf 80' lang='lat' dir='ltr'>potestati,</span> <span class='ocrx_word' id='word_1_125' title='bbox 962 1339 1033 1397; x_wconf 89' lang='lat' dir='ltr'>qui</span> <span class='ocrx_word' id='word_1_126' title='bbox 1057 1347 1121 1382; x_wconf 83' lang='lat' dir='ltr'>est</span> <span class='ocrx_word' id='word_1_127' title='bbox 1141 1339 1288 1381; x_wconf 89' lang='lat' dir='ltr'>salutis</span> <span class='ocrx_word' id='word_1_128' title='bbox 1316 1339 1528 1397; x_wconf 79' lang='lat' dir='ltr'>ingratus3</span> <span class='ocrx_word' id='word_1_129' title='bbox 1550 1345 1600 1380; x_wconf 86' lang='lat' dir='ltr'>ut</span> <span class='ocrx_word' id='word_1_130' title='bbox 1618 1352 1691 1380; x_wconf 86' lang='lat' dir='ltr'>ne-</span> 
     </span>
     <span class='ocr_line' id='line_1_17' title="bbox 327 1407 1693 1469; baseline -0.007 -11"><span class='ocrx_word' id='word_1_131' title='bbox 327 1415 562 1457; x_wconf 78' lang='lat' dir='ltr'>cessitatem</span> <span class='ocrx_word' id='word_1_132' title='bbox 586 1411 822 1456; x_wconf 74' lang='lat' dir='ltr'>sobrietatis</span> <span class='ocrx_word' id='word_1_133' title='bbox 840 1417 1056 1469; x_wconf 83' lang='lat' dir='ltr'>agnoscat,</span> <span class='ocrx_word' id='word_1_134' title='bbox 1074 1409 1147 1467; x_wconf 88' lang='lat' dir='ltr'>qui</span> <span class='ocrx_word' id='word_1_135' title='bbox 1165 1408 1303 1452; x_wconf 86' lang='lat' dir='ltr'>noluit</span> <span class='ocrx_word' id='word_1_136' title='bbox 1324 1423 1372 1451; x_wconf 84' lang='lat' dir='ltr'>ac</span> <span class='ocrx_word' id='word_1_137' title='bbox 1388 1407 1579 1466; x_wconf 89' lang='lat' dir='ltr'>nequivit</span> <span class='ocrx_word' id='word_1_138' title='bbox 1599 1422 1693 1465; x_wconf 81' lang='lat' dir='ltr'>gra·</span> 
     </span>
     <span class='ocr_line' id='line_1_18' title="bbox 325 1479 1691 1544; baseline -0.005 -16"><span class='ocrx_word' id='word_1_139' title='bbox 325 1487 427 1528; x_wconf 84' lang='lat' dir='ltr'>tiam</span> <span class='ocrx_word' id='word_1_140' title='bbox 462 1485 627 1544; x_wconf 84' lang='lat' dir='ltr'>pietatis</span> <span class='ocrx_word' id='word_1_141' title='bbox 660 1498 899 1543; x_wconf 81' lang='lat' dir='ltr'>agnoscere.</span> <span class='ocrx_word' id='word_1_142' title='bbox 944 1481 1128 1540; x_wconf 82' lang='lat' dir='ltr'>Corrigit</span> <span class='ocrx_word' id='word_1_143' title='bbox 1157 1495 1258 1539; x_wconf 88' lang='lat' dir='ltr'>ergo</span> <span class='ocrx_word' id='word_1_144' title='bbox 1280 1479 1529 1530; x_wconf 79' lang='lat' dir='ltr'>necessitas,</span> <span class='ocrx_word' id='word_1_145' title='bbox 1561 1493 1691 1537; x_wconf 84' lang='lat' dir='ltr'>quem</span> 
     </span>
     <span class='ocr_line' id='line_1_19' title="bbox 328 1554 950 1614; baseline -0.005 -16"><span class='ocrx_word' id='word_1_146' title='bbox 328 1556 459 1614; x_wconf 88' lang='lat' dir='ltr'>pictas</span> <span class='ocrx_word' id='word_1_147' title='bbox 479 1570 710 1614; x_wconf 82' lang='lat' dir='ltr'>provocare</span> <span class='ocrx_word' id='word_1_148' title='bbox 731 1554 950 1597; x_wconf 85' lang='lat' dir='ltr'>debuerat.</span> 
     </span>
    </p>

    <p class='ocr_par' dir='ltr' id='par_1_3' title="bbox 329 1618 1711 2599">
     <span class='ocr_line' id='line_1_20' title="bbox 389 1618 1695 1680; baseline -0.006 -11"><span class='ocrx_word' id='word_1_149' title='bbox 389 1626 465 1670; x_wconf 90' lang='lat' dir='ltr'>Xl.</span> <span class='ocrx_word' id='word_1_150' title='bbox 503 1627 582 1669; x_wconf 74' lang='lat' dir='ltr'>Hae.</span> <span class='ocrx_word' id='word_1_151' title='bbox 597 1634 695 1669; x_wconf 87' lang='lat' dir='ltr'>sunt</span> <span class='ocrx_word' id='word_1_152' title='bbox 717 1634 799 1668; x_wconf 89' lang='lat' dir='ltr'>tres</span> <span class='ocrx_word' id='word_1_153' title='bbox 820 1624 1010 1668; x_wconf 86' lang='lat' dir='ltr'>civitates</span> <span class='ocrx_word' id='word_1_154' title='bbox 1031 1630 1149 1666; x_wconf 89' lang='lat' dir='ltr'>trans</span> <span class='ocrx_word' id='word_1_155' title='bbox 1170 1620 1427 1671; x_wconf 82' lang='lat' dir='ltr'>Jordanem,</span> <span class='ocrx_word' id='word_1_156' title='bbox 1449 1618 1695 1680; x_wconf 74' lang='lat' dir='ltr'>perfectiori</span> 
     </span>
     <span class='ocr_line' id='line_1_21' title="bbox 329 1691 1696 1756; baseline -0.005 -16"><span class='ocrx_word' id='word_1_157' title='bbox 329 1697 567 1756; x_wconf 68' lang='lat' dir='ltr'>prudentiae</span> <span class='ocrx_word' id='word_1_158' title='bbox 595 1698 647 1740; x_wconf 86' lang='lat' dir='ltr'>ad</span> <span class='ocrx_word' id='word_1_159' title='bbox 678 1695 885 1754; x_wconf 86' lang='lat' dir='ltr'>refugium</span> <span class='ocrx_word' id='word_1_160' title='bbox 909 1696 1036 1744; x_wconf 80' lang='lat' dir='ltr'>datae3</span> <span class='ocrx_word' id='word_1_161' title='bbox 1060 1702 1110 1737; x_wconf 85' lang='lat' dir='ltr'>ut</span> <span class='ocrx_word' id='word_1_162' title='bbox 1135 1693 1273 1752; x_wconf 87' lang='lat' dir='ltr'>primo</span> <span class='ocrx_word' id='word_1_163' title='bbox 1296 1693 1465 1751; x_wconf 87' lang='lat' dir='ltr'>culpam</span> <span class='ocrx_word' id='word_1_164' title='bbox 1487 1691 1696 1750; x_wconf 74' lang='lat' dir='ltr'>fugiamus</span> 
     </span>
     <span class='ocr_line' id='line_1_22' title="bbox 331 1762 1699 1823; baseline -0.004 -12"><span class='ocrx_word' id='word_1_165' title='bbox 331 1768 579 1812; x_wconf 87' lang='lat' dir='ltr'>inductione</span> <span class='ocrx_word' id='word_1_166' title='bbox 600 1768 754 1817; x_wconf 86' lang='lat' dir='ltr'>animi,</span> <span class='ocrx_word' id='word_1_167' title='bbox 790 1766 1030 1811; x_wconf 78' lang='lat' dir='ltr'>conformes</span> <span class='ocrx_word' id='word_1_168' title='bbox 1052 1766 1106 1808; x_wconf 86' lang='lat' dir='ltr'>ad</span> <span class='ocrx_word' id='word_1_169' title='bbox 1133 1765 1359 1823; x_wconf 80' lang='lat' dir='ltr'>imaginem</span> <span class='ocrx_word' id='word_1_170' title='bbox 1380 1763 1471 1807; x_wconf 91' lang='lat' dir='ltr'>Dei.</span> <span class='ocrx_word' id='word_1_171' title='bbox 1499 1764 1559 1807; x_wconf 87' lang='lat' dir='ltr'>Ita</span> <span class='ocrx_word' id='word_1_172' title='bbox 1581 1762 1699 1806; x_wconf 83' lang='lat' dir='ltr'>enim</span> 
     </span>
     <span class='ocr_line' id='line_1_23' title="bbox 335 1833 1700 1887; baseline -0.006 -4"><span class='ocrx_word' id='word_1_173' title='bbox 335 1840 466 1883; x_wconf 83' lang='lat' dir='ltr'>creati</span> <span class='ocrx_word' id='word_1_174' title='bbox 488 1854 631 1881; x_wconf 88' lang='lat' dir='ltr'>sumus</span> <span class='ocrx_word' id='word_1_175' title='bbox 647 1871 658 1887; x_wconf 85' lang='lat'><strong>,</strong></span> <span class='ocrx_word' id='word_1_176' title='bbox 683 1838 849 1880; x_wconf 87' lang='lat' dir='ltr'>dicente</span> <span class='ocrx_word' id='word_1_177' title='bbox 864 1837 955 1880; x_wconf 89' lang='lat' dir='ltr'>Deo</span> <span class='ocrx_word' id='word_1_178' title='bbox 976 1853 1020 1878; x_wconf 70' lang='lat' dir='ltr'>:c</span> <span class='ocrx_word' id='word_1_179' title='bbox 1038 1836 1263 1880; x_wconf 81' lang='lat' dir='ltr'>Faciamus</span> <span class='ocrx_word' id='word_1_180' title='bbox 1284 1834 1503 1878; x_wconf 89' lang='lat' dir='ltr'>hominem</span> <span class='ocrx_word' id='word_1_181' title='bbox 1525 1834 1579 1877; x_wconf 82' lang='lat' dir='ltr'>ad</span> <span class='ocrx_word' id='word_1_182' title='bbox 1597 1833 1700 1876; x_wconf 72' lang='lat' dir='ltr'>ima-</span> 
     </span>
     <span class='ocr_line' id='line_1_24' title="bbox 335 1900 1700 1969; baseline -0.005 -16"><span class='ocrx_word' id='word_1_183' title='bbox 335 1927 353 1952; x_wconf 80' lang='lat'><strong>»</strong></span> <span class='ocrx_word' id='word_1_184' title='bbox 364 1910 504 1969; x_wconf 89' lang='lat' dir='ltr'>ginem</span> <span class='ocrx_word' id='word_1_185' title='bbox 523 1917 564 1952; x_wconf 88' lang='lat' dir='ltr'>et</span> <span class='ocrx_word' id='word_1_186' title='bbox 582 1908 898 1955; x_wconf 85' lang='lat' dir='ltr'>similitudinem</span> <span class='ocrx_word' id='word_1_187' title='bbox 913 1906 1144 1951; x_wconf 78' lang='lat' dir='ltr'>nostram¹,</span> <span class='ocrx_word' id='word_1_188' title='bbox 1165 1925 1182 1947; x_wconf 73' lang='grc' dir='ltr'><strong><em>ι</em></strong></span> <span class='ocrx_word' id='word_1_189' title='bbox 1195 1900 1295 1950; x_wconf 80' lang='lat' dir='ltr'>Haec</span> <span class='ocrx_word' id='word_1_190' title='bbox 1311 1920 1412 1965; x_wconf 83' lang='lat' dir='ltr'>ergo</span> <span class='ocrx_word' id='word_1_191' title='bbox 1427 1904 1574 1965; x_wconf 83' lang='lat' dir='ltr'>primae</span> <span class='ocrx_word' id='word_1_192' title='bbox 1589 1903 1700 1947; x_wconf 73' lang='lat' dir='ltr'>iltius</span> 
     </span>
     <span class='ocr_line' id='line_1_25' title="bbox 336 1972 1702 2037; baseline -0.005 -14"><span class='ocrx_word' id='word_1_193' title='bbox 336 1980 515 2023; x_wconf 82' lang='lat' dir='ltr'>civitatis</span> <span class='ocrx_word' id='word_1_194' title='bbox 535 1982 603 2024; x_wconf 90' lang='lat' dir='ltr'>lex</span> <span class='ocrx_word' id='word_1_195' title='bbox 623 1989 698 2023; x_wconf 87' lang='lat' dir='ltr'>est.</span> <span class='ocrx_word' id='word_1_196' title='bbox 719 1979 881 2022; x_wconf 89' lang='lat' dir='ltr'>Deinde</span> <span class='ocrx_word' id='word_1_197' title='bbox 899 1978 931 2020; x_wconf 89' lang='lat' dir='ltr'>si</span> <span class='ocrx_word' id='word_1_198' title='bbox 947 1993 1025 2037; x_wconf 87' lang='lat' dir='ltr'>per</span> <span class='ocrx_word' id='word_1_199' title='bbox 1041 1977 1307 2035; x_wconf 83' lang='lat' dir='ltr'>fragilitatem</span> <span class='ocrx_word' id='word_1_200' title='bbox 1325 1975 1481 2024; x_wconf 85' lang='lat' dir='ltr'>carnis,</span> <span class='ocrx_word' id='word_1_201' title='bbox 1494 1982 1537 2017; x_wconf 82' lang='lat' dir='ltr'>et</span> <span class='ocrx_word' id='word_1_202' title='bbox 1552 1972 1702 2017; x_wconf 81' lang='lat' dir='ltr'>mundi</span> 
     </span>
     <span class='ocr_line' id='line_1_26' title="bbox 336 2048 1702 2105; baseline -0.004 -11"><span class='ocrx_word' id='word_1_203' title='bbox 336 2051 558 2094; x_wconf 84' lang='lat' dir='ltr'>illecebras</span> <span class='ocrx_word' id='word_1_204' title='bbox 580 2052 634 2093; x_wconf 85' lang='lat' dir='ltr'>ita</span> <span class='ocrx_word' id='word_1_205' title='bbox 658 2058 842 2092; x_wconf 81' lang='lat' dir='ltr'>mentem</span> <span class='ocrx_word' id='word_1_206' title='bbox 862 2056 1048 2092; x_wconf 83' lang='lat' dir='ltr'>nostram</span> <span class='ocrx_word' id='word_1_207' title='bbox 1066 2048 1250 2090; x_wconf 74' lang='lat' dir='ltr'>sor-mare</span> <span class='ocrx_word' id='word_1_208' title='bbox 1270 2062 1355 2090; x_wconf 83' lang='lat' dir='ltr'>uon</span> <span class='ocrx_word' id='word_1_209' title='bbox 1374 2060 1613 2105; x_wconf 83' lang='lat' dir='ltr'>possumus,</span> <span class='ocrx_word' id='word_1_210' title='bbox 1632 2060 1702 2089; x_wconf 79' lang='lat' dir='ltr'>re-</span> 
     </span>
     <span class='ocr_line' id='line_1_27' title="bbox 339 2117 1706 2179; baseline -0.004 -15"><span class='ocrx_word' id='word_1_211' title='bbox 339 2123 525 2165; x_wconf 76' lang='lat' dir='ltr'>verentia</span> <span class='ocrx_word' id='word_1_212' title='bbox 547 2130 730 2179; x_wconf 81' lang='lat' dir='ltr'>pateruae</span> <span class='ocrx_word' id='word_1_213' title='bbox 753 2120 1059 2179; x_wconf 80' lang='lat' dir='ltr'>generationis,</span> <span class='ocrx_word' id='word_1_214' title='bbox 1083 2127 1127 2162; x_wconf 88' lang='lat' dir='ltr'>et</span> <span class='ocrx_word' id='word_1_215' title='bbox 1156 2118 1379 2161; x_wconf 87' lang='lat' dir='ltr'>sedulitate</span> <span class='ocrx_word' id='word_1_216' title='bbox 1399 2117 1529 2176; x_wconf 83' lang='lat' dir='ltr'>prolis</span> <span class='ocrx_word' id='word_1_217' title='bbox 1549 2128 1706 2174; x_wconf 80' lang='lat' dir='ltr'>pecea-</span> 
     </span>
     <span class='ocr_line' id='line_1_28' title="bbox 340 2184 1705 2247; baseline -0.006 -12"><span class='ocrx_word' id='word_1_218' title='bbox 340 2201 431 2235; x_wconf 87' lang='lat' dir='ltr'>tum</span> <span class='ocrx_word' id='word_1_219' title='bbox 470 2195 667 2235; x_wconf 83' lang='lat' dir='ltr'>levemus.</span> <span class='ocrx_word' id='word_1_220' title='bbox 704 2192 896 2234; x_wconf 83' lang='lat' dir='ltr'>Charitas</span> <span class='ocrx_word' id='word_1_221' title='bbox 929 2191 1044 2234; x_wconf 86' lang='lat' dir='ltr'>enim</span> <span class='ocrx_word' id='word_1_222' title='bbox 1076 2190 1398 2232; x_wconf 86' lang='lat' dir='ltr'>multitudinem</span> <span class='ocrx_word' id='word_1_223' title='bbox 1428 2184 1705 2247; x_wconf 78' lang='lat' dir='ltr'>peccatorum</span> 
     </span>
     <span class='ocr_line' id='line_1_29' title="bbox 341 2254 1707 2321; baseline -0.004 -17"><span class='ocrx_word' id='word_1_224' title='bbox 341 2262 490 2321; x_wconf 88' lang='lat' dir='ltr'>operit.</span> <span class='ocrx_word' id='word_1_225' title='bbox 520 2263 603 2315; x_wconf 87' lang='lat' dir='ltr'>Qui</span> <span class='ocrx_word' id='word_1_226' title='bbox 626 2278 726 2320; x_wconf 89' lang='lat' dir='ltr'>crgo</span> <span class='ocrx_word' id='word_1_227' title='bbox 757 2263 811 2305; x_wconf 89' lang='lat' dir='ltr'>ad</span> <span class='ocrx_word' id='word_1_228' title='bbox 833 2261 1056 2319; x_wconf 84' lang='lat' dir='ltr'>imaginem</span> <span class='ocrx_word' id='word_1_229' title='bbox 1079 2260 1156 2303; x_wconf 86' lang='lat' dir='ltr'>Dei</span> <span class='ocrx_word' id='word_1_230' title='bbox 1178 2273 1269 2302; x_wconf 89' lang='lat' dir='ltr'>csse</span> <span class='ocrx_word' id='word_1_231' title='bbox 1298 2273 1382 2301; x_wconf 88' lang='lat' dir='ltr'>non</span> <span class='ocrx_word' id='word_1_232' title='bbox 1409 2256 1624 2316; x_wconf 86' lang='lat' dir='ltr'>potuerit,</span> <span class='ocrx_word' id='word_1_233' title='bbox 1653 2254 1707 2298; x_wconf 78' lang='lat' dir='ltr'>sit</span> 
     </span>
     <span class='ocr_line' id='line_1_30' title="bbox 340 2326 1706 2390; baseline -0.005 -15"><span class='ocrx_word' id='word_1_234' title='bbox 340 2334 392 2375; x_wconf 83' lang='lat' dir='ltr'>ud</span> <span class='ocrx_word' id='word_1_235' title='bbox 417 2332 718 2390; x_wconf 85' lang='lat' dir='ltr'>plenitudinem</span> <span class='ocrx_word' id='word_1_236' title='bbox 751 2331 984 2374; x_wconf 79' lang='lat' dir='ltr'>charitatis.</span> <span class='ocrx_word' id='word_1_237' title='bbox 1021 2331 1094 2373; x_wconf 86' lang='lat' dir='ltr'>Illa</span> <span class='ocrx_word' id='word_1_238' title='bbox 1118 2330 1263 2372; x_wconf 86' lang='lat' dir='ltr'>civitas</span> <span class='ocrx_word' id='word_1_239' title='bbox 1286 2331 1458 2388; x_wconf 87' lang='lat' dir='ltr'>culpam</span> <span class='ocrx_word' id='word_1_240' title='bbox 1483 2326 1672 2370; x_wconf 73' lang='lat' dir='ltr'>excludit</span> <span class='ocrx_word' id='word_1_241' title='bbox 1693 2357 1706 2374; x_wconf 89' lang='lat'><em>,</em></span> 
     </span>
     <span class='ocr_line' id='line_1_31' title="bbox 343 2397 1708 2459; baseline -0.004 -14"><span class='ocrx_word' id='word_1_242' title='bbox 343 2402 435 2445; x_wconf 85' lang='lat' dir='ltr'>haec</span> <span class='ocrx_word' id='word_1_243' title='bbox 462 2403 595 2445; x_wconf 89' lang='lat' dir='ltr'>solvit.</span> <span class='ocrx_word' id='word_1_244' title='bbox 624 2404 718 2444; x_wconf 83' lang='lat' dir='ltr'>Haec</span> <span class='ocrx_word' id='word_1_245' title='bbox 743 2402 866 2459; x_wconf 86' lang='lat' dir='ltr'>deniq</span> <span class='ocrx_word' id='word_1_246' title='bbox 901 2418 924 2445; x_wconf 91' lang='lat' dir='ltr'>e</span> <span class='ocrx_word' id='word_1_247' title='bbox 960 2403 1028 2444; x_wconf 89' lang='lat' dir='ltr'>lex</span> <span class='ocrx_word' id='word_1_248' title='bbox 1055 2401 1252 2444; x_wconf 62' lang='lat' dir='ltr'>secundae</span> <span class='ocrx_word' id='word_1_249' title='bbox 1278 2400 1458 2443; x_wconf 82' lang='lat' dir='ltr'>civitatis</span> <span class='ocrx_word' id='word_1_250' title='bbox 1484 2415 1528 2441; x_wconf 72' lang='grc' dir='ltr'>ει</span> <span class='ocrx_word' id='word_1_251' title='bbox 1550 2397 1708 2455; x_wconf 66' lang='lat' dir='ltr'>Diliges</span> 
     </span>
     <span class='ocr_line' id='line_1_32' title="bbox 346 2418 1708 2524; baseline -0.004 -10"><span class='ocrx_word' id='word_1_252' title='bbox 346 2491 363 2513; x_wconf 71' lang='lat' dir='ltr'>n</span> <span class='ocrx_word' id='word_1_253' title='bbox 376 2472 606 2524; x_wconf 85' lang='lat' dir='ltr'>Dominum</span> <span class='ocrx_word' id='word_1_254' title='bbox 622 2473 756 2515; x_wconf 86' lang='lat' dir='ltr'>Deum</span> <span class='ocrx_word' id='word_1_255' title='bbox 776 2418 896 2515; x_wconf 57' lang='lat' dir='ltr'>tnurd</span> <span class='ocrx_word' id='word_1_256' title='bbox 912 2488 964 2515; x_wconf 85' lang='lat' dir='ltr'>ex</span> <span class='ocrx_word' id='word_1_257' title='bbox 982 2480 1072 2516; x_wconf 85' lang='lat' dir='ltr'>toto</span> <span class='ocrx_word' id='word_1_258' title='bbox 1090 2474 1326 2522; x_wconf 81' lang='lat' dir='ltr'>cordetuo,</span> <span class='ocrx_word' id='word_1_259' title='bbox 1342 2476 1385 2514; x_wconf 85' lang='lat' dir='ltr'>et</span> <span class='ocrx_word' id='word_1_260' title='bbox 1401 2485 1454 2513; x_wconf 82' lang='lat' dir='ltr'>ex</span> <span class='ocrx_word' id='word_1_261' title='bbox 1468 2476 1556 2513; x_wconf 81' lang='lat' dir='ltr'>tota</span> <span class='ocrx_word' id='word_1_262' title='bbox 1568 2468 1708 2511; x_wconf 78' lang='lat' dir='ltr'>anima</span> 
     </span>
     <span class='ocr_line' id='line_1_33' title="bbox 346 2537 1711 2599; baseline -0.003 -15"><span class='ocrx_word' id='word_1_263' title='bbox 346 2561 363 2584; x_wconf 82' lang='lat'>›</span> <span class='ocrx_word' id='word_1_264' title='bbox 380 2552 448 2586; x_wconf 90' lang='lat' dir='ltr'>tua</span> <span class='ocrx_word' id='word_1_265' title='bbox 463 2576 473 2593; x_wconf 93' lang='lat'><em>‚</em></span> <span class='ocrx_word' id='word_1_266' title='bbox 497 2551 541 2586; x_wconf 89' lang='lat' dir='ltr'>et</span> <span class='ocrx_word' id='word_1_267' title='bbox 561 2559 612 2585; x_wconf 85' lang='lat' dir='ltr'>ex</span> <span class='ocrx_word' id='word_1_268' title='bbox 634 2552 718 2586; x_wconf 82' lang='lat' dir='ltr'>tota</span> <span class='ocrx_word' id='word_1_269' title='bbox 742 2543 895 2589; x_wconf 85' lang='lat' dir='ltr'>virtute</span> <span class='ocrx_word' id='word_1_270' title='bbox 919 2552 989 2586; x_wconf 84' lang='lat' dir='ltr'>tua</span> <span class='ocrx_word' id='word_1_271' title='bbox 1004 2543 1035 2585; x_wconf 60' lang='lat'>³,</span> <span class='ocrx_word' id='word_1_272' title='bbox 1058 2543 1174 2586; x_wconf 74' lang='lat' dir='ltr'>»sed</span> <span class='ocrx_word' id='word_1_273' title='bbox 1187 2543 1221 2586; x_wconf 79' lang='lat' dir='ltr'>si</span> <span class='ocrx_word' id='word_1_274' title='bbox 1237 2558 1383 2586; x_wconf 81' lang='lat' dir='ltr'>rursus</span> <span class='ocrx_word' id='word_1_275' title='bbox 1397 2537 1711 2599; x_wconf 49' lang='lat' dir='ltr'>angusti-“animi</span> 
     </span>
    </p>
   </div>
   <div class='ocr_carea' id='block_1_3' title="bbox 397 2633 1269 2675">
    <p class='ocr_par' dir='ltr' id='par_1_4' title="bbox 397 2633 1269 2675">
     <span class='ocr_line' id='line_1_34' title="bbox 397 2633 1269 2675; baseline 0.003 -9"><span class='ocrx_word' id='word_1_276' title='bbox 397 2643 406 2658; x_wconf 85' lang='lat'>¹</span> <span class='ocrx_word' id='word_1_277' title='bbox 427 2634 520 2666; x_wconf 79' lang='lat' dir='ltr'>Joan.</span> <span class='ocrx_word' id='word_1_278' title='bbox 537 2644 571 2672; x_wconf 82' lang='lat' dir='ltr'>x,</span> <span class='ocrx_word' id='word_1_279' title='bbox 588 2633 641 2667; x_wconf 66' lang='lat'>38.</span> <span class='ocrx_word' id='word_1_280' title='bbox 658 2651 699 2658; x_wconf 87' lang='lat'>—-</span> <span class='ocrx_word' id='word_1_281' title='bbox 716 2643 728 2658; x_wconf 73' lang='lat'><strong>⁹</strong></span> <span class='ocrx_word' id='word_1_282' title='bbox 748 2635 831 2667; x_wconf 89' lang='lat' dir='ltr'>Gen.</span> <span class='ocrx_word' id='word_1_283' title='bbox 848 2644 874 2675; x_wconf 76' lang='grc' dir='ltr'>ι,</span> <span class='ocrx_word' id='word_1_284' title='bbox 894 2634 946 2668; x_wconf 74' lang='lat'>26.</span> <span class='ocrx_word' id='word_1_285' title='bbox 965 2652 1005 2659; x_wconf 90' lang='lat'>——</span> <span class='ocrx_word' id='word_1_286' title='bbox 1024 2636 1037 2658; x_wconf 74' lang='lat'>³</span> <span class='ocrx_word' id='word_1_287' title='bbox 1056 2634 1156 2669; x_wconf 76' lang='lat' dir='ltr'>Dent.</span> <span class='ocrx_word' id='word_1_288' title='bbox 1170 2645 1218 2674; x_wconf 82' lang='lat' dir='ltr'>vi,</span> <span class='ocrx_word' id='word_1_289' title='bbox 1235 2635 1269 2669; x_wconf 75' lang='grc'>5.</span> 
     </span>
    </p>
   </div>
  </div>
 </body>
</html>
