1780 3120
318 229 407 284 344
870 215 904 266 ε’.
941 230 1134 265 amnem
1186 233 1190 235 “

316 325 450 366 »dere
473 318 608 363 eam'.
636 318 911 360 »Irascuntur
933 313 1084 357 divites
1105 320 1148 354 et
1175 303 1509 360 calumniantur,
1529 316 1580 354 ut
1598 303 1680 354 no·-

321 401 472 442 ceant,
491 392 524 434 si
543 405 628 434 non
651 388 875 431 obtineant
900 385 1017 443 qued
1036 382 1379 427 desideraverint.
1409 380 1513 424 Cum
1539 389 1680 435 autem

322 461 568 510 calumniati
595 458 848 507 nocuerint,
876 457 1022 500 dolere
1053 469 1097 497 se
1119 454 1321 497 simulant
1345 470 1355 495 ι
1378 452 1513 496 tristes
1538 461 1682 496 tamen

320 543 364 580 et
384 539 585 591 tanquam
608 528 767 578 moesti,
795 542 881 570 non
904 526 1057 575 corde,
1085 525 1160 567 scd
1181 525 1325 586 vultu,
1350 523 1390 566 in
1411 522 1683 581 possessionis

321 605 494 664 direptae
523 604 668 645 locum
699 599 938 658 prodeunt,
972 603 1017 637 et
1046 593 1334 653 impressionis
1361 606 1442 635 suae
1463 591 1691 651 iniquitate

323 677 558 735 potiuntur.

379 745 569 790 XLVIII.
596 743 687 786 IIoc
710 740 850 784 divina
872 745 1070 782 movetur
1093 736 1275 795 justitia,
1304 743 1340 778 et
1362 748 1534 777 avarum
1561 734 1684 793 digna

325 815 545 860 seveiitate
563 814 820 856 condemnat
841 811 1017 853 dicens:
1033 826 1050 848 α
1067 807 1290 856 Occidisti,
1305 813 1341 849 et
1362 805 1583 863 pos-sedisti
1599 805 1688 848 ha:-

326 883 607 930 nreditatem?
636 883 814 940 Propter
833 881 917 925 hoc
944 879 988 922 in
1015 881 1112 921 loco
1142 878 1186 919 in
1218 893 1302 934 quo
1324 876 1540 919 linxerunt
1562 892 1689 920 canes

328 978 345 997 n
359 956 603 1017 sanguinem
619 952 861 1001 Nabuthe,'
850 967 895 994 m
906 965 958 993 eo
973 949 1045 991 lin
1037 956 1137 1007 gent
1150 962 1277 991 canes
1290 947 1532 1005 sanguinem
1548 955 1687 997 tuum3

332 1047 349 1067 n
361 1037 404 1071 et
422 1026 667 1070 meretrices
682 1018 967 1068 lavabuntur·
956 1035 999 1062 m
1017 1018 1222 1077 sanguine
1242 1016 1339 1061 tuo²
1346 1036 1395 1060 .»
1410 1017 1575 1070 Quam‘
1560 1027 1688 1076 justa,

336 1113 463 1159 quam
481 1112 623 1140 severa
643 1090 870 1143 sententia3
882 1099 932 1135 ut
946 1090 1227 1149 quamintulit
1240 1090 1512 1134 aYterimortis
1526 1091 1693 1134 acerbi-

337 1178 494 1219 tatem,
507 1182 600 1211 cam
618 1167 707 1226 ipse
718 1163 867 1209 mortis
887 1178 972 1206 suae
990 1161 1171 1205 horrore
1187 1161 1406 1205 dissolvere
1418 1162 1691 1221 proderetur!

334 1240 611 1284 Inhumatum
643 1248 876 1295 pauperem
910 1233 1024 1276 Deus
1051 1231 1225 1291 aspicit,
1247 1239 1290 1275 et
1313 1231 1408 1275 ideo
1436 1232 1694 1292 insepultum

333 1297 506 1354 divitem
536 1309 679 1366 jacere
707 1304 924 1353 decernit3
956 1311 1000 1347 et
1019 1311 1068 1346 ut
1088 1312 1283 1347 mortuus
1309 1303 1392 1348 luat
1418 1319 1504 1347 suae
1541 1304 1697 1362 iniqui-

336 1381 433 1424 tatis
479 1392 738 1427 aerumnam,
770 1375 851 1433 'qui
885 1387 967 1417 nec
1004 1381 1176 1417 mortuo
1212 1373 1368 1434 putavit
1397 1390 1488 1418 esse
1517 1389 1697 1433 parcen-

342 1452 457 1494 dum.
497 1451 645 1508 Itaque
679 1445 865 1490 vulneris
907 1443 971 1486 sui
1003 1458 1157 1487 cruore
1189 1444 1400 1502 perfusum
1442 1445 1623 1487 cadaver
1655 1443 1698 1486 in

340 1521 524 1579 speciem
545 1519 705 1562 funeris
729 1517 823 1561 vitae
849 1529 934 1558 suae
950 1513 1139 1573 prodidit
1157 1516 1460 1561 crudelitatem.
1477 1515 1578 1558 Haec
1599 1530 1700 1560 cum

343 1590 516 1650 pertulit
534 1605 711 1649 pauper,
731 1587 847 1631 dives
865 1584 1146 1644 arguebatur:
1171 1600 1268 1629 cum
1284 1585 1388 1630 dves
1403 1585 1584 1645 excepit,
1603 1601 1703 1645 pau-

340 1677 418 1721 per
440 1661 747 1705 vindicabatur.
1480 1697 1487 1702 .

405 1731 561 1775 XLIX.
592 1731 810 1784 Quidssibi
839 1741 983 1776 autem
1005 1732 1096 1775 vult
1120 1730 1236 1788 quod
1256 1727 1492 1772 meretrices
1513 1729 1706 1772 laverunt

349 1817 394 1845 se
415 1802 678 1861 in-sanguine
694 1802 812 1861 cjus;
832 1803 911 1846 nisi
932 1803 1042 1846 sorte
1059 1809 1108 1844 ut
1120 1800 1350 1844 meretricia
1367 1800 1559 1858 quaedam
1577 1797 1705 1842 inilia

347 1873 512 1916 feritate
533 1872 660 1915 fuisse
687 1873 796 1931 regis
815 1872 993 1932 perfidia
1018 1874 1289 1932 proderetur,
1306 1872 1371 1915 vel
1391 1878 1566 1914 cruenta
1589 1861 1706 1913 luxu-¹

349 1944 433 1986 ries
446 1976 457 1990 .
477 1943 548 2001 qui
566 1943 626 1986 sic
645 1943 725 1987 fuit
741 1944 998 1993 luxuriosus,
1019 1952 1067 1986 ut
1083 1944 1175 1985 olus
1193 1941 1443 1985 desideraret
1451 1957 1464 1990 ς
1482 1940 1542 1983 sic
1559 1954 1707 1983 cruen-

351 2023 436 2065 tus,
461 2022 508 2056 ut
534 2022 710 2073 propter
731 2015 825 2058 olus
845 2014 1063 2058 hominem
1087 2013 1326 2056 occideret?
1348 2012 1481 2070 Digna
1504 2027 1676 2055 avarum
1691 2043 1704 2062 ‚

352 2085 476 2144 digna
501 2084 716 2127 avaritiam
738 2101 863 2144 poena
884 2085 1111 2128 consumit.
1130 2084 1318 2142 Denique
1333 2092 1376 2127 et
1390 2082 1559 2126 Jembel
1575 2082 1707 2142 ipsam

352 2155 633 2198 comederunt
653 2170 802 2205 canes,
826 2164 869 2198 et
886 2157 1078 2198 volucres
1093 2155 1187 2197 eoeli
1197 2171 1209 2203 3
1230 2164 1276 2197 ut
1292 2153 1577 2207 ostenderetur
1593 2151 1709 2212 quod

355 2225 549 2284 spiritalis
570 2225 766 2283 nequitiae
787 2225 861 2269 fiat
880 2228 1019 2285 praeda
1043 2225 1182 2268 divitis
1204 2227 1429 2282 sepuItura.
1450 2222 1561 2282 Fuge
1581 2237 1682 2282 ergo
1696 2218 1712 2270 .’

358 2295 488 2344 dives,
508 2295 754 2353 hujusmodi
775 2296 947 2339 exitum.
971 2295 1056 2338 Sed
1072 2295 1204 2353 fugies
1225 2293 1469 2352 hujusmodi
1488 2294 1657 2342 exitum,
1676 2293 1710 2336 si

358 2365 514 2424 fugeris
536 2365 781 2423 hujusmodi
802 2366 1024 2424 flagitium.
1053 2365 1148 2409 Noli
1170 2380 1258 2407 esse
1284 2364 1431 2408 Achab
1445 2397 1457 2414 ,
1485 2370 1532 2405 ut
1545 2380 1711 2424 posses·
1749 2405 1758 2420 ·.

361 2437 524 2479 sionem
548 2435 773 2480 finitimam
796 2436 1087 2495 concupiscas.
1115 2435 1208 2479 Non
1224 2435 1300 2477 tibi
1317 2433 1534 2478 cohabitet
1544 2434 1712 2479 Jezabel

362 2506 430 2549 illa
449 2507 588 2550 feralis
610 2507 782 2550 avaritia
797 2540 808 2558 ,
830 2524 923 2566 quae
939 2507 1016 2551 tibi
1039 2515 1216 2551 cruenta
1238 2506 1489 2564 persuadeat
1508 2518 1518 2545 ε
1538 2518 1620 2561 qJae
1642 2521 1711 2550 cu-

411 2608 418 2620 ·
438 2597 457 2631 3
473 2597 553 2640 Beg.
567 2608 640 2638 xm,
663 2598 710 2633 ιδ.
724 2615 766 2625 --
782 2607 794 2622 ·
811 2598 896 2636 thid.
920 2610 971 2649 ¹9·
