1780 3120
351 245 439 289 356
904 254 934 282 s.
976 239 1165 283 manosu

421 367 438 376 ,ι

348 415 968 432 mmmwwmmmw
979 413 1716 430 mmmmwmwmwmmw

892 535 1070 581 CAPUT
1100 535 1190 581 VII.

358 686 402 730 Ε
406 685 580 730 umdem
603 686 746 729 locum
769 684 917 728 beatus
941 685 1107 727 Doctor
1123 683 1427 741 prosequitur,
1449 682 1722 740 ostenditque

412 772 577 801 avaros
602 771 704 799 cum
725 756 779 798 de
799 756 922 799 bonis
957 754 1207 812 benefacere
1230 753 1459 806 deberent,
1482 753 1619 798 malle
1643 769 1723 812 pe·-

415 827 572 870 cunias
581 827 631 868 in
639 826 910 886 (edificando
921 841 1175 870 consumere
1181 843 1198 877 ;
1215 826 1414 885 ipsosque
1432 826 1579 884 magis
1597 839 1723 868 enor-

417 898 575 941 mitate
589 898 863 955 pretiorum,
894 913 1032 954 quam
1064 898 1256 940 ubertate
1270 905 1564 954 proventuum
1584 894 1723 938 delec-

413 969 505 1011 tari
516 985 532 1018 ;
553 983 656 1025 quos
674 979 824 1013 tamen
842 968 962 1012 docet
984 984 1069 1026 quo
1081 969 1252 1028 fructus
1271 982 1370 1011 suos
1393 981 1540 1011 secure
1556 966 1724 1024 possint

415 1039 662 1083 recondere.

414 1175 618 1220 XXXIII.
640 1173 783 1218 VlcTA
803 1183 867 1218 est
884 1191 977 1234 spes
1002 1175 1126 1218 avari.
1148 1175 1428 1234 Rumpuntur
1440 1181 1614 1217 vetusta
1629 1173 1726 1216 hor-

356 1259 428 1289 rea
449 1245 655 1306 messibus
679 1245 811 1288 novis.
839 1245 1000 1295 Minus,
1023 1244 1184 1303 inquit,
1215 1245 1379 1294 habui,
1404 1253 1448 1288 et
1466 1243 1623 1287 frustra
1642 1258 1727 1286 ser-

360 1316 452 1359 vavi
473 1331 482 1358 :
506 1318 600 1374 plus
623 1323 770 1358 natum
792 1324 945 1366 est‚'et
967 1316 1036 1359 cui
1059 1316 1303 1375 congrego?
1323 1315 1437 1359 Dum
1459 1315 1724 1358 incrementa

356 1387 591 1446 pretiorum
632 1401 843 1445 aucupor,
884 1387 1004 1429 amisi
1035 1402 1159 1430 usum
1182 1385 1503 1429 beneficiorum.
1534 1385 1725 1438 Quantas

358 1458 454 1500 anni
468 1458 694 1516 superioris
703 1457 917 1501 frumento
928 1458 1047 1516 potui
1060 1457 1220 1500 animas
1234 1471 1470 1515 pauperum
1481 1455 1726 1499 reservare?

357 1528 457 1573 Haec
475 1542 543 1571 me
562 1528 695 1587 magis
707 1544 874 1572 servare
893 1530 1154 1571 delectarent
1169 1527 1327 1586 pretia,
1339 1542 1431 1585 quae
1448 1541 1536 1570 non
1546 1540 1725 1569 nummo

354 1600 616 1643 mstimantur
629 1631 640 1650 ,
663 1602 737 1643 sed
752 1600 897 1658 gratia.
922 1599 1129 1643 Imitabor
1141 1606 1338 1642 sanctum
1356 1597 1518 1657 Joseph
1530 1597 1727 1641 humani-

355 1670 453 1713 tatis
472 1669 806 1728 praedieatione?
834 1670 1028 1713 clamabo
1051 1685 1156 1713 voce
1181 1684 1334 1728 magna
1356 1683 1366 1711 ε
1390 1667 1542 1713 Venite
1563 1682 1726 1726 paupe-

354 1755 444 1792 res,
466 1741 578 1784 edite
601 1757 730 1799 panes
751 1757 867 1784 meos
881 1774 893 1791 ‚
917 1741 1145 1799 expandite
1161 1740 1374 1798 grequm
1388 1772 1399 1790 ‚
1418 1737 1621 1798 suscipite
1643 1740 1726 1781 sru-

355 1818 561 1854 mentum.
611 1811 644 1855 F
649 1812 883 1854 oecunditas
919 1811 1085 1862 divitis,
1120 1812 1249 1854 totius
1279 1810 1394 1853 orbis
1437 1808 1723 1858 abundantia,

355 1882 548 1925 omnium
580 1883 707 1926 debet
733 1899 824 1926 esse
847 1879 1052 1927 fertilitas]
1072 1883 1138 1927 Tu
1158 1897 1259 1927 vero
1282 1898 1369 1926 non
1394 1881 1477 1925 hoe
1498 1880 1629 1930 dicis,
1652 1881 1727 1923 sed

355 1952 413 1995 ais
433 1967 444 1994 ι
462 1970 478 1992 α
496 1953 722 1996 Destruam
744 1953 897 1997 horrea
919 1970 1028 1997 mea.
1047 1955 1209 1998 »Recte
1231 1952 1414 1997 destruis
1435 1968 1508 2002 ea,
1529 1967 1550 1995 a
1572 1951 1726 2010 quibus

354 2023 496 2065 nullus
525 2039 687 2082 pauper
710 2033 887 2068 onustus
910 2025 1149 2068 revertitur.
1185 2025 1348 2068 Horrea
1370 2023 1602 2082 iniquitatis
1627 2032 1729 2066 sunt

353 2095 643 2151 receptacula,
675 2109 762 2137 non
782 2095 950 2153 pietatis
973 2095 1173 2138 subsidia.
1200 2095 1334 2139 Recte
1360 2094 1540 2139 destruit
1559 2093 1633 2153 qui
1659 2108 1727 2153 831-

353 2162 519 2221 pienter
538 2163 749 2208 aedificare
766 2181 852 2208 nou
875 2167 1004 2209 novit.
1031 2167 1223 2210 Destruit
1238 2182 1313 2210 sua
1334 2167 1473 2217 diVes,
1497 2166 1570 2225 qui
1592 2164 1728 2211 nescit

355 2243 536 2277 aeterna:
563 2236 742 2279 destruit
764 2236 915 2280 horrea
928 2269 940 2287 ‚
964 2236 1037 2295 qui
1054 2252 1143 2280 non
1158 2238 1277 2282 novit
1292 2253 1368 2281 sua
1383 2237 1598 2282 frumenta
1618 2226 1727 2280 diii-

356 2305 478 2355 dere,
502 2307 577 2349 sed
594 2307 808 2352 claudere.

415 2376 618 2421 XXXIV.
636 2395 652 2417 α
672 2377 725 2420 Et
745 2378 908 2437 majora
923 2411 934 2429 ,
964 2378 1125 2436 inquit,
1158 2377 1324 2421 faciam.
1354 2377 1556 2428 »Infelix‚
1585 2375 1728 2434 velis!

355 2445 595 2504 dispensato
642 2449 900 2507 pauperihus
914 2482 926 2499 ,
965 2449 1081 2507 quod
1113 2456 1193 2507 'pro
1229 2456 1403 2507 sumptu
1437 2446 1727 2509 ae.dlficati⁰¹li⁸

356 2514 580 2573 impendis.
603 2517 715 2561 Dum
732 2519 994 2564 liberalitatis
1009 2516 1186 2577 gratiam
1207 2519 1363 2577 refugis
1377 2552 1390 2570 ,
1410 2518 1563 2563 damna
1592 2516 1727 2561 aedifi-

358 2585 537 2629 cationis
550 2588 720 2631 exolvis.
1374 2599 1379 2601 “
