1780 3120
333 249 418 292 308
883 253 914 281 s.
952 252 1144 282 aunaosn

326 343 418 385 Deo
439 337 617 383 faciunt,
642 333 757 391 quod
783 331 850 375 vel
868 330 1068 380 ebrietas,
1092 330 1160 372 vel
1181 328 1314 372 libido
1337 327 1692 387 proevaricationis

328 407 537 454 illecebrae
562 403 661 451 sint,
679 401 714 444 si
729 400 891 459 singula
913 414 960 442 ac
977 406 1171 457 separata
1188 398 1278 442 haec
1294 397 1472 448 faciunt,
1500 395 1604 457 quid
1628 395 1695 441 sn·-

330 479 441 523 cient
462 473 607 518 unita?
631 471 749 515 Unde
771 485 856 513 non
877 469 1090 512 immerito
1112 468 1169 511 ait
1196 469 1360 528 sapiens
1387 477 1484 512 ante
1500 483 1578 512 nos
1598 467 1694 526 qui·

329 548 425 591 dam
442 561 451 587 :
469 563 484 584 ει
499 543 650 587 Mulier
670 540 851 589 ebriosa,
876 539 937 581 ira
957 538 1153 597 magna'.
1179 557 1195 579 ιι

384 615 572 661 LXVIII.
611 613 727 666 Quid
743 619 884 654 autem
901 610 1057 653 mirum
1079 610 1112 652 si
1135 611 1232 653 vino
1255 611 1528 670 decipiuntur
1547 610 1696 654 animae

330 687 596 731 foeminarum
610 717 621 734 ,
641 699 740 727 cum
758 697 907 725 omnes
924 682 1003 724 illae
1022 682 1157 725 tribus
1175 689 1343 740 patrum
1357 714 1369 729 ,
1393 697 1491 725 cum
1509 683 1562 725 de
1578 689 1698 740 petra

332 757 514 800 biberint
535 769 704 812 aquam,
732 767 888 795 manna
909 751 1235 801 manducarent,
1259 760 1403 811 gentes
1423 751 1699 796 validissimas

329 826 564 873 vincerent,
589 833 631 866 et
654 822 741 866 n'on
762 831 852 867 erat
873 822 916 865 in
938 822 1003 866 his
1025 823 1137 865 ullus
1161 821 1377 866 infirmus:
1396 823 1472 866 ubi
1489 838 1588 866 vero
1605 837 1700 865 car-

330 912 404 940 nes
436 897 675 939 desiderare
702 901 940 952 coeperunt,
973 901 1016 936 et
1040 893 1258 936 desideriis
1281 893 1322 935 in
1348 893 1579 952 AEgyptum
1595 908 1701 935 con-

334 967 623 1015 vertebantur,
669 979 940 1022 nequaquam
980 979 1033 1006 ex
1075 971 1138 1006 tot
1180 963 1368 1006 millibus
1404 963 1628 1007 hominum
1659 963 1700 1019 in

330 1048 487 1081 terram
509 1035 844 1096 repromissionis
870 1043 1024 1094 praeter
1046 1035 1152 1078 duos
1175 1035 1398 1093 pervenire
1419 1033 1703 1078 meruerunt?

334 1110 480 1166 Itaque
502 1107 606 1166 quid
635 1106 736 1149 boni
766 1106 820 1148 sit
846 1106 1074 1156 sobrietas,
1105 1106 1209 1163 quid
1235 1105 1334 1148 mali
1358 1105 1702 1164 intemperantia,

336 1180 436 1222 hinc
469 1179 667 1237 colligere
700 1178 854 1219 datur:
889 1178 1058 1235 quando
1085 1177 1413 1221 murmurabant
1444 1160 1727 1236 requirentes⁸

340 1250 508 1309 AEgypti
529 1249 717 1298 delicias,
741 1264 763 1291 a
788 1249 1056 1307 serpentibus
1076 1249 1385 1292 mordebantur
1404 1264 1414 1291 :
1440 1249 1610 1307 quando
1630 1263 1707 1307 per

338 1321 466 1364 maris
486 1319 620 1364 Rubri
654 1319 891 1362 transibant
923 1320 1143 1369 semitam,
1175 1335 1326 1377 aquam
1359 1318 1577 1363 bibebant.
1613 1318 1706 1363 Non

338 1405 438 1448 ergo
458 1405 655 1433 veremur
676 1391 934 1448 exemplum,
958 1405 1045 1433 non
1065 1390 1251 1448 fugimus
1270 1389 1458 1442 delicias,
1481 1405 1536 1434 ne
1552 1404 1629 1434 nos
1648 1387 1709 1432 su·
1745 1381 1748 1383 ’

340 1470 534 1504 turorum
549 1460 764 1503 bonorum
781 1459 1005 1519 adeptione
1023 1460 1301 1505 defraudent?

343 1623 402 1635 ⁸11³}
407 1624 441 1635 §¹⁸
447 1623 463 1634 ἱ
469 1623 588 1635 ΜΒἋ
594 1622 776 1636 U'S'Dssssffiv-
783 1622 1214 1637 mmmmmmm
1220 1624 1274 1637 §⁸ss
1281 1622 1584 1638 Qnssnmmm
1592 1623 1712 1636 Μνὶἱ

876 1730 1054 1776 CAPUT
1083 1732 1202 1778 XIX.

350 1879 610 1924 Luoewriosis
623 1880 818 1923 exitium
833 1879 975 1924 Esaia
990 1879 1222 1939 prophetia
1242 1875 1530 1923 denuntiari:
1548 1884 1674 1920 mare
1687 1886 1715 1918 a

409 1951 742 2004 mercatoribus,
771 1953 822 1993 in
848 1967 1040 2008 quorum
1062 1951 1310 1994 avaritiam
1335 1938 1575 2006 invehitur,
1595 1948 1718 1992 solli-

411 2023 546 2065 citari
563 2038 656 2066 non
679 2022 857 2071 deberem
887 2037 989 2064 eum
1014 2036 1106 2064 non
1131 2021 1192 2064 ad
1210 2009 1540 2079 navigandum,
1564 2017 1643 2062 sed·
1658 2017 1718 2061 act

368 2128 371 2135 ,
411 2107 573 2142 oscam,
608 2103 648 2135 et
671 2108 762 2135 non
787 2091 1059 2142 hominibus,
1091 2092 1167 2134 sed
1191 2091 1387 2149 piscibus
1407 2090 1471 2148 ad·
1484 2080 1719 2150 perambu—

416 2162 603 2206 landum
621 2164 758 2221 faerit
779 2162 937 2205 datum
948 2181 966 2213 ;
988 2171 1207 2218 postremo
1227 2177 1317 2218 qua
1336 2162 1512 2205 ratione,
1531 2159 1720 2220 navibus

369 2255 373 2261 ·
416 2243 727 2291 comparentur
745 2233 1032 2292 voluptuosi?
1717 2220 1722 2228 '

413 2355 569 2399 LXIX.
606 2356 668 2399 ΕΤ
687 2357 791 2415 qnid
810 2357 988 2399 aliorum
1002 2365 1100 2400 utar
1114 2354 1362 2399 sententiis?
1385 2354 1470 2414 Ipsi
1490 2354 1601 2398 bene
1613 2353 1722 2412 pasti

360 2442 407 2468 ac
428 2426 631 2469 luxuriosi
646 2427 748 2484 quid
763 2427 843 2470 sibi
859 2436 1045 2486 sperent,
1068 2426 1303 2480 audiamus.
1331 2426 1502 2469 Inducit
1516 2425 1631 2469 enim
1651 2438 1724 2468 eos

359 2495 499 2548 Essa'l'sss
515 2497 720 2554 propheta
736 2498 924 2542 dicentes
940 2514 950 2541 ε
968 2516 984 2538 α
998 2498 1306 2544 Manducemus
1323 2506 1366 2540 et
1382 2496 1578 2542 bibamus
1597 2508 1725 2538 :eras

403 2609 411 2621 1
436 2598 534 2631 Evcli.
553 2610 636 2636 xxxi,
659 2611 704 2633 ιι.
