1780 3120
368 284 452 335 244
905 290 937 319 s.
977 286 1168 318 annosa

422 373 472 416 11.
509 367 751 415 Festinabat
772 365 932 426 Joseph
955 379 1122 408 sumere
1142 361 1502 407 benedictionem.
1530 361 1722 420 Denique

365 452 408 486 ct
424 441 531 484 filios
554 455 649 483 suos
673 438 827 481 obtulit
845 437 1063 495 Manassen
1081 443 1123 477 ct
1142 433 1358 492 Ephrem,
1383 448 1488 491 quos
1508 432 1724 476 benedixit

362 509 518 554 Jacob¹
536 527 547 560 ;
576 510 623 552 ut
649 509 745 567 qnia
763 502 987 551 duodecim
1009 505 1194 549 habebat
1215 502 1339 554 filios,
1363 511 1407 547 et
1428 495 1725 547 tertius-deci-

363 597 457 624 mus
472 588 563 624 erat
583 580 751 623 futurus
769 579 980 637 apostolus
998 577 1169 624 Paulus,
1187 574 1306 632 quasi
1321 573 1529 633 posterior
1543 574 1721 625 electus,

365 651 674 696 tertia-decima
712 649 847 693 tribus
879 650 931 692 de
970 647 1174 698 Manassen
1191 653 1234 688 et
1273 645 1470 702 Ephraem
1500 644 1725 704 nepotibus

362 721 698 767 sanctificat-“etur
717 720 760 763 in
783 728 1014 776 utrumque
1036 717 1183 766 divisa,
1206 730 1290 773 quo
1315 714 1481 758 Paulus>
1496 729 1583 758 non
1605 722 1721 758 extra

360 803 631 853 paternarum
675 805 900 833 numerum
947 788 1138 831 tribuum
1173 786 1414 837 veniretur,
1452 786 1526 844 qui
1559 784 1723 830 Veteris

360 861 617 907 Testamenti
634 869 676 903 et
696 860 802 904 Novi
818 859 1012 918 egregius
1027 856 1293 916 praedicator‚
1316 865 1504 915 paternae
1519 855 1726 911 benedic-

360 933 485 977 tionis
507 931 796 976 haereditatem
825 929 903 973 sibi
930 944 1100 987 quoque
1130 927 1253 975 facilc
1274 927 1503 987 profecisse
1525 941 1726 987 compro-

363 1004 499 1048 baret.

419 1075 491 1118 ΙΙΙ.
529 1074 782 1131 Quanquam
817 1072 1018 1130 praeclara
1050 1070 1142 1114 haec
1174 1070 1219 1113 in
1253 1069 1337 1114 hoc
1371 1069 1455 1113 sint
1490 1069 1691 1129 mysteria
1713 1103 1726 1120 ,

363 1147 477 1205 quod
493 1161 663 1189 sumens
676 1144 702 1188 J
706 1144 836 1203 oseph
849 1143 956 1186 filios
969 1158 1067 1186 suos
1080 1157 1185 1201 quos
1204 1150 1446 1201 susceperat
1463 1132 1504 1184 in
1526 1142 1726 1201 AEgypto,

364 1218 560 1276 Ephraem
595 1217 648 1259 ad
679 1215 893 1258 dexteram
920 1229 1056 1263 suam,
1097 1214 1150 1256 ad
1178 1212 1391 1257 sinistram
1427 1221 1570 1256 autem
1601 1213 1730 1256 Israel

362 1287 495 1344 patris
534 1286 599 1329 sui
629 1301 639 1328 :
665 1285 883 1328 Manassen
911 1293 1053 1326 autem
1090 1285 1144 1326 ad
1175 1283 1389 1326 sinistram
1424 1297 1562 1334 suam,
1593 1291 1643 1326 ut
1677 1283 1731 1326 ad

367 1357 583 1400 dexteram
606 1364 716 1398 esset
736 1355 881 1405 Israell,
909 1353 1113 1414 applicuit
1133 1369 1224 1398 esse
1247 1362 1345 1398 ante
1364 1361 1530 1413 patrem
1556 1368 1682 1397 suum
1693 1352 1725 1396 ².

361 1427 603 1471 Extendens
620 1435 760 1470 autem
781 1426 910 1469 Israe'l
931 1441 1105 1468 manum
1126 1427 1362 1475 dexteram,
1382 1423 1584 1484 imposuit
1605 1439 1734 1483 super

365 1500 493 1557 caput
512 1497 709 1556 Ephraem
733 1497 804 1555 qui
822 1505 913 1540 erat
932 1496 1076 1555 junior
1101 1505 1144 1539 et
1165 1496 1302 1539 stabat
1323 1497 1377 1539 ad
1397 1496 1612 1539 sinistram
1635 1495 1698 1539 avi
1720 1510 1730 1538 t

362 1578 406 1612 et
426 1562 636 1612 sinistram
658 1583 776 1611 suam
797 1567 1086 1627 posuibsupra
1107 1567 1327 1612 Manassen
1349 1567 1532 1626 quierat
1554 1569 1609 1612 ad
1630 1568 1735 1612 dex-

366 1631 578 1691 teram‚'et
598 1640 654 1683 ita
676 1640 910 1682 immutatis
931 1639 1145 1689 manibus,
1170 1638 1388 1682 benedixit
1409 1654 1495 1684 eos,
1522 1639 1571 1682 In
1593 1655 1678 1698 quo
1693 1648 1737 1683 et

365 1711 524 1771 ‚Ioseph
545 1719 705 1754 naturae
728 1711 922 1754 ordinem
945 1710 1142 1760 servavit,
1174 1717 1223 1753 ut
1246 1709 1402 1753 seniori
1429 1708 1516 1753 filio
1545 1711 1640 1769 plus
1658 1712 1737 1754 de-

368 1783 513 1833 sciret
537 1783 646 1825 sicut
665 1782 782 1825 Isaac
798 1798 968 1840 quoque
986 1781 1027 1824 in
1049 1781 1159 1824 Esau
1167 1780 1369 1860 priorem
1382 1779 1519 1823 filium
1530 1781 1738 1835 benedic-—

368 1855 528 1898 tionem
565 1852 729 1896 deferre
760 1852 993 1911 cupiebat:
1023 1853 1122 1898 sed
1136 1851 1348 1894 minorem
1389 1848 1567 1895 filium
1555 1867 1600 1895 m
1634 1859 1737 1911 typo

370 1923 549 1982 junioris
575 1923 722 1983 populi
752 1923 932 1967 credidit
960 1922 1298 1982 praeferendum,
1333 1921 1446 1966 sicut
1475 1930 1568 1966 erat
1596 1923 1685 1982 ipse
1715 1938 1738 1967 a

372 2003 508 2038 matre
528 1995 736 2053 praelatus.

432 2064 502 2109 IV.
538 2065 730 2123 Denique
758 2065 968 2108 Manasses
996 2079 1048 2107 cx
1070 2062 1305 2114 oblivione,
1335 2063 1466 2107 latina
1489 2064 1741 2124 interpreta-

375 2137 513 2186 tione,
540 2135 779 2194 signatur³5
804 2150 855 2179 co
882 2136 997 2193 quod
1019 2135 1201 2193 populus
1224 2133 1471 2178 Judaeorum
1493 2135 1651 2179 oblitus
1677 2144 1741 2179 est

372 2206 510 2249 Deum
525 2220 650 2248 suum
667 2205 739 2263 qui
760 2204 860 2248 fecit
880 2220 992 2248 eum.
1020 2205 1072 2248 Et
1088 2205 1348 2263 quicumque
1369 2220 1422 2248 ex
1442 2220 1490 2248 ea
1505 2206 1630 2265 plebe
1646 2220 1741 2248 cre·

377 2275 546 2325 diderit,
571 2283 774 2333 tanquam
795 2290 847 2317 ex
871 2275 1085 2318 oblivione
1106 2284 1346 2319 revocatur.
1378 2276 1577 2335 Ephraem
1597 2284 1741 2320 autem

377 2344 698 2388 foecunditatem
733 2343 856 2394 fidei,
893 2345 1244 2404 interpretatione
1276 2345 1460 2389 nominis
1494 2344 1754 2406 pollicetur,v

381 2414 452 2471 qui
488 2414 601 2457 auxit
631 2423 821 2473 patrem,
856 2415 966 2459 sicut
999 2416 1056 2459 ait
1090 2416 1180 2476 ipse
1209 2415 1370 2475 Joseph
1405 2415 1741 2469 dicenanuia

315 2536 319 2542 ἱ
380 2503 397 2525 n
413 2483 525 2528 auxit
546 2499 615 2537 me
638 2484 753 2528 Deus
784 2486 825 2528 in
853 2494 963 2530 terra
985 2487 1234 2531 humilitatis
1260 2476 1453 2531 mcae‘stj
1485 2487 1613 2540 Quod
1638 2475 1764 2546 prof·

428 2593 439 2610 ⁸
458 2586 543 2675 (ἷὶηᾶ
568 2596 685 2673 ugr-vm,
713 2597 741 2627 ι,
755 2593 787 2622 et
802 2598 893 2634 seqq.
916 2608 955 2615 —
978 2598 991 2613 ²
1012 2589 1097 2624 lbid.
1118 2589 1208 2625 lbid.
1227 2589 1277 2631 15,
1293 2595 1325 2627 et
1338 2600 1428 2635 seqq.
1448 2607 1487 2618 -
1503 2590 1518 2613 ³
1535 2588 1587 2623 ld·
1604 2599 1671 2631 xv,
1687 2589 1743 2623 5¹·

383 2657 423 2665 —
441 2642 453 2665 ⁴
511 2640 519 2674 i
545 2662 552 2674 .
599 2651 630 2673 a.
1579 2668 1583 2671 -
1727 2664 1731 2668 ·
