1780 3120
316 230 398 299 432
703 233 705 236 ⁴
831 242 894 285 ι.
933 245 1126 286 mamm

306 342 377 386 tiae
395 343 438 386 et
460 325 647 385 scientiae
669 323 770 389 Dei,
788 342 844 380 et
851 329 1141 379 inscrutabilia
1151 318 1312 393 judicia·
1326 321 1446 393 ejus,
1458 322 1636 412 atqde‘
1618 338 1695 415 nt-

307 401 572 473 vestigabiles
591 410 676 454 vias
687 399 794 468 ejus.
1689 450 1691 452 ,

367 482 533 531 XXIX.
552 481 670 526 «Non
688 481 985 528 calcaverunt,
1008 474 1173 535 inquit,'
1193 489 1264 520 eas
1284 472 1359 525 filu
1373 493 1418 522 se
1438 472 1679 540 gtonfican

304 576 321 599 »
335 556 468 607 tium,
491 568 569 598 nce
589 550 781 595 transivit
802 565 878 610 per
893 545 963 593 eas
989 546 1085 591 leo¹
1094 578 1104 590 .
1133 565 1150 587 »
1172 547 1278 601 Quis
1294 549 1410 593 enim
1434 547 1591 619 potnit
1587 550 1683 594 vias

308 620 789 686 ejuscomprehendere,
803 636 896 679 quae
910 619 1495 679 abditeoccultapenetravit:
1513 620 1685 670 «Unde,

264 698 266 703 ’
303 695 494 754 »inquit‚
517 695 688 757 inventa
711 699 774 735 est
795 688 1023 750 sapientia,
1048 697 1121 732 aut
1142 690 1235 748 quis
1268 690 1389 734 locus
1407 676 1643 772 disciplinae
1659 687 1687 732 i'

307 788 324 809 »
338 767 399 812 Nc·
391 766 481 810 ·scit
502 763 690 808 mortalis
703 763 833 806 homo
848 762 958 804 viam
978 760 1093 822 ejus,
1116 775 1197 803 nec
1220 760 1391 806 inventa
1406 768 1483 823 est
1487 755 1529 804 in
1545 759 1691 807 homi-'

309 836 476 881 »nibus.
499 835 687 893 Abyssus
709 832 837 876 dixit:
861 832 954 876 Non
977 839 1040 874 est
1055 831 1096 873 in
1120 847 1216 881 me;
1235 839 1277 875 et
1298 847 1415 878 mare
1431 822 1560 876 dixit}
1573 829 1689 874 Non‘

305 916 397 951 »est
412 904 621 949 mecum2.
636 903 760 948 »Non
778 902 852 945 tibi
874 902 975 945 licet
991 902 1115 950 scire,
1130 917 1156 944 o
1178 901 1322 952 homo,
1344 903 1424 947 alta
1447 888 1681 976 sapientiae;

309 979 404 1022 ideo
418 976 711 1034 tibiseriptum
727 982 813 1017 est·
831 973 949 1017 «Noh
960 973 1090 1015 altum
1109 987 1272 1031 sapere,
1287 960 1517 1015 sod'fftime.
1534 971 1551 1012 13·
1565 970 1683 1025 Quid

309 1048 476 1093 curiose
485 1046 623 1108 cupis
634 1044 884 1102 investigare
908 1043 1024 1101 qaod
1040 1042 1118 1085 tibi
1147 1058 1234 1085 non
1260 1042 1432 1102 expedit
1451 1042 1584 1092 seire,
1601 1040 1683 1098 nec

310 1132 566 1177 cognoscere
583 1117 707 1159 datur
724 1114 743 1156 P
758 1113 912 1157 Paulus
925 1112 1083 1165 audivit
1101 1113 1238 1170 aliqua
1256 1121 1419 1157 secreta
1439 1094 1687 1185 sapientioeg

310 1203 403 1247 quae
428 1185 666 1246 prohibitus
681 1191 745 1227 est
762 1184 851 1227 aliis
877 1183 1089 1232 intimare3
1113 1192 1156 1226 et
1170 1184 1264 1226 ideo
1280 1193 1425 1243 raptus
1438 1179 1567 1227 estin
1565 1186 1687 1243 'para-

309 1259 447 1302 disum
459 1289 470 1306 ,
489 1263 633 1316 raptus
645 1270 777 1313 usque
796 1255 849 1297 ad
865 1253 1038 1297 tertium
1060 1254 1260 1304 coelum‘,
1275 1263 1322 1297 ut
1339 1255 1507 1298 audiret
1522 1254 1574 1297 ea'
1588 1269 1686 1312 quae

308 1327 524 1388 positusin
539 1326 661 1369 terris
683 1324 830 1368 audire
846 1340 932 1367 non
955 1332 1135 1383 poterat.
1163 1323 1207 1367 Si
1229 1340 1324 1383 qnae
1342 1325 1509 1368 audivit
1522 1325 1653 1370 homo
1666 1315 1689 1376 .-

305 1414 391 1442 non
412 1397 531 1440 licuit
547 1396 586 1439 ei
608 1395 748 1453 loqui,
772 1396 1140 1452 quemadmodum
1163 1397 1278 1453 quod
1299 1411 1384 1438 non
1403 1394 1582 1445 audivit‘,
1610 1395 1680 1438 iss-

309 1468 472 1527 quirit?
491 1465 766 1525 Imperatoris
787 1465 915 1523 hujus
932 1465 975 1508 in
997 1466 1121 1508 terris
1140 1481 1227 1508 non
1245 1465 1345 1509 licet
1357 1466 1435 1508 tibi
1451 1466 1559 1509 scire
1571 1480 1679 1509 con—

306 1540 394 1583 silia
406 1571 416 1588 ,
440 1547 481 1581 et
494 1538 555 1581 vis
569 1537 677 1580 scire
698 1536 835 1580 divina
851 1536 869 1579 Ρ
886 1551 972 1579 non
993 1536 1094 1579 licet
1111 1537 1187 1579 tibi
1199 1537 1406 1580 curiosius
1427 1532 1678 1596 investigare

306 1625 398 1668 quae
412 1609 453 1651 in
471 1608 594 1651 terris
611 1615 832 1666 geruntur,
851 1615 894 1649 et
910 1606 1117 1653 curiosius
1135 1607 1314 1664 requiris
1331 1608 1433 1665 quid
1446 1623 1576 1666 supra
1595 1621 1678 1650 coe-

303 1683 394 1724 lum
409 1678 578 1738 agatur?
597 1678 685 1721 Cur
700 1686 748 1721 tu
770 1678 957 1736 disputas
970 1680 1191 1721 undenata
1211 1679 1264 1721 sit
1280 1678 1510 1737 Sapientia.
1504 1679 1521 1711 ἕ)
1534 1677 1678 1722 Nescit

304 1713 458 1796 homor)
473 1749 581 1792 viam
605 1748 719 1811 ejus,
744 1763 824 1792 nec
851 1749 894 1791 in
925 1749 1172 1798 hominibus
1203 1750 1371 1793 iuventa
1402 1758 1466 1800 est
1488 1749 1680 1815 perfecta

305 1819 529 1881 Sapientia.
558 1820 680 1864 Non
670 1836 712 1862 m
732 1820 899 1877 Moyse,
920 1819 1068 1862 nonin
1096 1820 1265 1870 Aaron,
1289 1830 1374 1863 non
1383 1814 1550 1865 inJesu
1563 1818 1680 1866 Nave

302 1890 407 1941 fuit,
443 1906 528 1933 non
554 1891 597 1933 in
631 1887 720 1949 ipso
741 1890 890 1939 David,
915 1890 986 1948 qui
1016 1890 1098 1933 ait:
1115 1909 1131 1930 «
1156 1891 1322 1935 Incerta
1344 1899 1387 1936 et
1418 1884 1611 1936 occulta
1606 1899 1678 1936 ’53-

301 1978 318 2001 n
332 1960 498 2019 pientiae
521 1968 603 2003 tuae
621 1960 895 2003 manifestasti
918 1960 1073 2010 mihi⁵;
1096 1981 1111 2002 n
1125 1961 1221 2019 quia
1242 1962 1330 2021 ipse
1348 1963 1452 2006 dixit
1475 1962 1515 2006 ih
1538 1965 1679 2021 poste-

303 2031 487 2074 rioribus
507 2047 516 2074 :
534 2050 550 2071 ιι
564 2031 680 2075 Velm
695 2031 935 2089 jumentum
957 2033 1094 2075 sactus
1110 2049 1203 2075 sum
1215 2034 1328 2092 apud
1345 2033 1424 2077 te⁶.
1445 2054 1460 2074 a
1474 2032 1677 2092 Supra‘te

302 2109 364 2144 est
387 2101 494 2144 scire
508 2134 520 2151 ,
543 2117 568 2143 o
585 2101 714 2143 homo
730 2134 741 2150 ,
760 2101 1027 2144 altitudinem
1049 2101 1274 2161 Sapientiae
1291 2137 1301 2153 ,
1326 2104 1425 2147 satis
1447 2112 1511 2147 est
1531 2103 1608 2147 tibi
1630 2110 1678 2147 ut

300 2172 460 2213 credas.
480 2189 496 2210 «
524 2170 568 2214 Si
594 2171 708 2213 enim
737 2186 820 2212 non
854 2171 1145 2222 credideritis,
1174 2173 1337 2230 inquit,
1363 2189 1442 2216 nec
1466 2162 1678 2230 inteliige-

299 2260 315 2282 »
331 2241 420 2285 tis⁷.
442 2261 458 2282 »
471 2241 683 2300 Abyssum
703 2241 810 2284 scire
823 2257 907 2284 non
930 2250 1051 2299 potes
1067 2273 1079 2290 ,
1102 2243 1302 2300 abyssum
1321 2258 1405 2285 non
1422 2250 1544 2301 potes
1561 2255 1678 2284 com-

295 2311 583 2369 prehendere,
606 2313 819 2370 quomodo
850 2310 1119 2355 altitudinem
1145 2312 1370 2371 Sapientiae
1389 2311 1675 2370 comprehen-

302 2379 378 2424 des
401 2380 420 2422 i’
441 2381 629 2439 Abyssus
653 2381 780 2424 dixit.
797 2401 812 2422 α
836 2381 930 2425 Non
952 2389 1016 2425 est
1036 2381 1079 2425 in
1099 2397 1189 2433 me,
1213 2402 1230 2424 »
1256 2392 1300 2427 et
1319 2391 1367 2426 tu
1388 2390 1538 2451 potes
1531 2381 1677 2426 dicere·

298 2450 401 2514 quia
422 2450 464 2495 in
487 2459 533 2495 te
557 2461 622 2496 est
638 2452 887 2511 Sapientia?

344 2551 457 2587 ¹.Job
475 2553 642 2594 xxv11=,8
664 2572 707 2582 --
722 2555 810 2589 =.1d
832 2565 882 2588 12·
891 2555 940 2594 34.
956 2574 998 2583 -
1016 2557 1031 2581 ³
1045 2556 1140 2589 Rom.
1161 2566 1213 2597 xx,
1228 2567 1268 2590 3ο
1285 2573 1326 2583 -—
1344 2557 1359 2586 ⁴
1377 2567 1395 2590 3
1409 2555 1487 2605 Cer·
1507 2564 1571 2595 ιιι,
1589 2553 1623 2594 5,
1635 2550 1677 2595 4(

297 2623 340 2632 --
353 2607 367 2631 ⁵
385 2605 471 2640 Psal.
487 2618 517 2647 ι,
538 2607 568 2641 8.
594 2625 633 2635 --
650 2608 666 2632 θ
686 2608 736 2643 ld.
754 2620 856 2651 um,
874 2610 924 2643 23.
939 2605 1100 2645 -471501,
1121 2621 1183 2651 vn,
1196 2621 1230 2656 9·
