1780 3120
309 291 366 335 92
857 286 888 315 8.
926 285 1119 315 AMBRosn

309 371 516 417 vivorum,
531 366 572 409 in
586 366 653 409 illa
671 364 842 423 regione
853 364 927 407 ubi
944 364 1028 407 vita
1050 379 1135 407 non
1159 371 1224 407 est
1245 362 1509 415 abscondita,
1528 365 1603 409 sed
1619 365 1675 410 li-

311 442 435 489 bera3
449 437 521 480 uhi
535 451 618 479 non
633 436 804 485 umbra,
824 436 898 478 sed
919 434 1064 493 gloria.
1082 435 1160 478 llic
1179 434 1293 477 enim
1316 450 1394 478 nec
1420 435 1508 494 ipse
1518 436 1676 482 Paulus

309 509 474 553 vivebat
495 507 536 549 in
556 506 698 565 gloria.
725 505 917 563 Denique
934 506 977 548 in
998 520 1177 565 corpore
1190 505 1339 548 mortis
1351 505 1669 564 ingemiscebat.

309 578 419 623 Audi
434 577 645 621 dicentem
661 592 669 618 :
687 594 702 615 «
713 576 835 620 Nunc
852 576 966 619 enim
983 576 1064 619 vita
1078 583 1220 619 nostra
1235 576 1482 620 abscondita
1497 585 1561 621 est
1574 593 1676 622 cum

307 668 324 691 »
340 649 506 692 Christo
523 648 565 690 in
582 643 670 691 Deo
694 663 703 690 :
730 662 827 690 cum
846 654 987 689 autem
1006 647 1198 691 Christus
1216 648 1460 707 apparuerit
1474 649 1559 692 vita
1574 665 1677 694 nos-

311 738 326 760 »
341 729 426 769 tra,
450 728 551 762 tunc
567 727 610 761 et
631 733 707 761 nos
728 733 827 760 cum
847 717 919 760 illo
938 718 1238 776 apparebimus
1259 719 1301 761 in
1319 718 1497 778 gloria¹.
1519 738 1537 761 a

368 788 494 833 LVII.
533 789 797 832 Festinamus
817 804 916 846 ergo
943 790 996 832 ad
1024 788 1165 832 vitam.
1192 789 1237 833 Si
1254 790 1347 847 quis
1370 789 1500 834 vitam
1521 790 1680 850 tangit,

307 859 429 903 vivet.
450 859 641 916 Denique
657 859 792 918 tetigit
808 859 877 902 illa
893 860 1047 903 mulier
1067 875 1160 918 quae
1179 860 1315 919 tetigit
1331 860 1546 905 fimbriam
1562 861 1681 921 ejus,

307 938 350 972 et
371 945 392 972 a
413 937 549 973 morte
567 930 735 973 dimissa
758 938 843 980 est,
873 931 942 974 cui
965 930 1122 974 dicitur
1141 946 1151 973 :
1178 949 1194 971 «
1208 931 1334 974 Fides
1356 939 1428 974 tua
1451 940 1494 975 te
1515 934 1678 976 salvam

308 1001 460 1051 »fecit,
489 1003 595 1045 vade
634 1001 677 1044 in
715 1017 820 1060 pace
840 1000 870 1045 ².
900 1020 917 1042 n
951 1000 995 1044 Si
1023 1002 1136 1045 enim
1167 1002 1240 1060 qui
1271 1010 1492 1046 mortuum
1521 1003 1678 1062 tangit,

310 1070 554 1115 immundus
582 1080 671 1122 est3
709 1072 798 1115 sine
830 1072 961 1115 <lubio
991 1072 1065 1130 qui
1099 1072 1309 1116 viventem
1350 1073 1507 1132 tangit,
1544 1075 1683 1117 salvus

306 1149 389 1191 est,
423 1157 658 1199 quaeramus
695 1158 794 1202 ergo
835 1143 1060 1186 viventem.
1110 1142 1196 1186 Sed
1240 1143 1398 1187 iterum
1433 1144 1684 1196 videamus,

308 1226 362 1254 ne
404 1227 502 1254 eum
538 1227 773 1270 quaeramus
815 1213 926 1256 inter
959 1220 1175 1264 mortuos,
1203 1222 1247 1257 et
1277 1213 1446 1258 dicatur
1479 1214 1602 1258 nobis
1625 1214 1688 1258 si·-

311 1290 384 1325 cut
422 1291 464 1326 et
494 1283 741 1327 mulieribus
775 1284 854 1327 illis
881 1300 890 1327 :
933 1302 949 1325 α
971 1285 1088 1338 Quid
1122 1286 1309 1344 quaeritis
1339 1286 1551 1330 viventem
1585 1300 1686 1329 cum

314 1354 544 1397 »mortuisi‘
566 1354 657 1398 Non
676 1364 739 1399 est
755 1355 848 1406 hic,
879 1357 955 1400 sed
977 1356 1194 1401 surrexit³
1220 1373 1229 1400 :
1249 1376 1266 1398 n
1288 1358 1382 1417 Ipse
1405 1373 1576 1416 quoque
1594 1358 1686 1401 Do-

316 1423 457 1466 minus
477 1424 551 1467 ubi
574 1441 617 1468 se
634 1426 765 1484 quaeri
788 1428 937 1477 vellet,
957 1428 1144 1471 ostendit
1160 1427 1307 1471 dicens
1328 1444 1337 1471 τ
1366 1445 1382 1467 α
1397 1427 1514 1472 Vade
1537 1429 1590 1471 ad
1606 1427 1685 1471 sra-

317 1512 333 1534 »
349 1502 431 1538 tres
459 1511 599 1547 meos,
626 1505 669 1540 et
689 1498 756 1541 dic
779 1498 838 1540 eis
858 1514 867 1541 :
898 1497 1094 1542 Ascendo
1119 1500 1173 1542 ad
1187 1499 1356 1542 Patrem
1377 1514 1547 1549 meum,
1566 1506 1609 1542 et
1634 1499 1693 1542 ad

317 1565 511 1609 »Patrem
531 1574 717 1610 vostrum
731 1601 744 1618 ‚
763 1568 901 1611 Deum
925 1585 1091 1620 meum,
1115 1578 1159 1612 et
1175 1570 1313 1612 Deum
1331 1567 1559 1612 vestrum¹⁴.
1578 1587 1595 1610 n
1621 1566 1693 1612 Ibi

318 1649 418 1692 ergo
453 1651 688 1693 quaeramus
715 1654 840 1688 eum,
871 1639 945 1682 ubi
977 1639 1167 1698 quaesivit
1195 1639 1409 1690 Joannes,
1444 1648 1488 1684 et
1510 1639 1687 1684 invenit.

321 1703 397 1747 Ille
417 1720 515 1748 eum
537 1706 580 1749 in
606 1708 813 1767 principio
840 1710 1051 1768 quaesivit,
1082 1719 1124 1754 et
1152 1711 1312 1754 invenit
1338 1710 1550 1755 viventem
1577 1710 1694 1769 apud

322 1773 554 1832 viventem,
575 1778 729 1821 Filium
752 1781 864 1838 apud
883 1781 1049 1824 Patrem
1063 1780 1094 1824 ⁵.
1119 1800 1135 1822 n
1159 1781 1245 1826 Nos
1265 1797 1365 1825 eum
1385 1781 1429 1824 in
1449 1789 1693 1841 temporum

322 1842 408 1888 fine
438 1861 698 1903 quaeramus,
729 1857 772 1892 et
802 1852 1139 1909 complectamur
1163 1854 1293 1911 pedes
1325 1852 1446 1910 ejus,
1476 1860 1518 1895 et
1541 1853 1694 1895 adore-

324 1929 419 1958 mus
440 1931 562 1967 eum,
581 1926 629 1961 ut
645 1918 757 1961 dicat
772 1927 815 1962 et
831 1921 952 1964 nobis
974 1936 984 1964 τ
1009 1939 1025 1961 a
1043 1922 1183 1966 Nolite
1202 1921 1394 1973 timere⁶,
1415 1941 1431 1962 n
1455 1921 1499 1965 id
1515 1929 1599 1970 est,
1621 1934 1695 1964 no-

325 1985 399 2029 lite
416 1986 564 2030 timere
581 2003 603 2031 a
620 1990 805 2048 peccatis
827 1992 968 2034 saeeuli
982 2025 994 2042 ,
1014 1993 1146 2036 nolite
1164 1993 1314 2036 timere
1330 1993 1384 2036 ab
1402 1991 1695 2050 iniquitatibus

327 2057 502 2108 mundi,
531 2060 660 2103 nolite
680 2062 831 2105 timere
852 2079 874 2106 a
893 2063 1096 2107 fluctibus
1123 2064 1410 2123 corporalium
1430 2063 1695 2123 passionum,

331 2141 409 2184 ego
432 2143 524 2170 sum
543 2139 816 2187 peccatorum
845 2134 1035 2178 remissio
1058 2149 1068 2176 ε
1092 2134 1223 2177 nolite
1255 2134 1404 2177 timore
1433 2150 1455 2178 a
1484 2133 1694 2184 tenebris,

331 2212 410 2255 ego
432 2213 525 2242 sum
554 2201 654 2244 lux:
681 2203 812 2246 nolite
835 2204 984 2248 timere
1010 2220 1032 2247 a
1053 2213 1215 2256 morte,
1240 2221 1320 2264 ego
1344 2220 1438 2248 sum
1460 2205 1557 2249 vita.
1594 2202 1698 2257 Qui-

334 2284 516 2328 cumque
540 2274 592 2315 ad
615 2288 684 2317 me
706 2275 844 2325 venit,
877 2284 1059 2319 mortem
1086 2292 1171 2319 non
1199 2276 1362 2337 videbit
1394 2277 1438 2319 in
1466 2284 1694 2325 aeternum3

335 2341 534 2397 quoniam
567 2343 656 2402 ipse
681 2360 724 2388 es
750 2346 969 2404 plenitudo
992 2347 1251 2398 Divinitatis,
1280 2355 1323 2390 et
1348 2346 1429 2406 ipsi
1455 2355 1519 2390 est
1539 2344 1695 2404 gloria,

335 2412 481 2462 decus,
505 2416 763 2472 perpetuitas
780 2433 802 2459 a
820 2418 999 2468 saeculis‚
1023 2426 1065 2462 et
1080 2434 1213 2470 nunc,
1231 2427 1275 2462 et
1290 2433 1473 2477 semper,
1490 2425 1534 2460 et
1553 2416 1595 2459 in
1611 2430 1703 2459 om-

333 2481 401 2524 nia
423 2486 574 2528 saecula
590 2489 856 2533 saeculorum.
879 2488 1027 2533 Amen.

364 2627 368 2629 ἢ
380 2585 533 2620 ¹.Coloss
549 2599 602 2628 nr,
619 2590 650 2632 3,
667 2588 700 2628 4.
715 2610 757 2615 —
774 2592 883 2624 ·.Luc
900 2604 973 2631 vm,
985 2593 1039 2632 48.
1059 2611 1100 2618 —
1117 2594 1130 2617 ³
1149 2592 1199 2626 ld.
1218 2603 1306 2630 xx1v‚
1320 2593 1350 2626 6.
1371 2610 1411 2617 —
1432 2593 1446 2620 ⁴
1463 2591 1557 2625 Ioan.
1577 2599 1632 2628 xx,
1648 2598 1698 2633 ¹7·

337 2654 378 2664 ·—
394 2640 407 2664 ὅ
428 2640 484 2674 Id.
497 2651 520 2680 x,
539 2652 568 2676 1.
581 2661 622 2695 —7
638 2644 652 2666 ⁶
667 2645 785 2679 Malth.
802 2657 922 2685 xxvm,
936 2647 967 2679 5.
