1780 3120
304 227 395 281 '414
853 236 886 265 s.
926 236 1118 266 ³nnuman

307 333 430 363 »ram
451 313 670 376 gloriam¹.
692 332 710 357 »
729 313 916 373 Indignae
938 315 1085 374 utique
1106 316 1159 359 ad
1174 317 1472 364 consolationis
1492 334 1665 380 compa-

304 390 511 436 rationem
523 420 535 438 ,
558 401 645 430 non
667 386 719 428 ad
734 385 922 428 fructum
938 385 1255 445 redemptionis.

365 461 419 504 II.
456 459 563 512 Quae
585 464 650 500 est
669 456 783 500 enim
805 463 892 499 tam
913 458 1115 515 praeclara
1136 458 1387 518 cujusquam
1411 460 1492 505 vita
1517 460 1561 505 in
1578 468 1667 505 ter—

309 532 366 577 ris
379 564 391 582 ,
415 537 463 573 ut
483 530 705 586 adaequare
725 526 841 570 illam
863 527 1079 570 coelestem
1096 528 1273 586 gloriam
1289 529 1451 589 possit?
1467 531 1582 584 Quid
1601 547 1667 575 su-

308 600 481 647 blimius
510 598 663 648 Paulo,
694 597 767 656 qui
798 604 964 640 tantum
998 598 1288 657 periculorum
1318 600 1471 652 subiit,
1500 609 1669 647 tantum

310 673 506 717 dolorum
526 677 651 727 atque
667 666 963 711 infirmitatum
981 668 1227 713 absorbuit?
1248 669 1297 713 In
1318 669 1367 714 iis
1385 686 1491 730 quas
1512 671 1669 716 Christi

311 743 482 789 nomine
512 739 640 784 subiit
666 739 931 797 passionibus
952 739 1165 797 quotidie,
1192 749 1236 784 ut
1256 741 1344 800 ipse
1365 742 1490 793 dicit,
1511 743 1670 787 morie-

306 812 478 863 batur²‚
507 819 550 854 et
573 810 680 854 nihil
710 809 931 867 indignum
959 811 1123 868 perpeti
1149 826 1193 854 se
1214 811 1258 854 in
1280 811 1363 856 hoc
1383 821 1575 872 tempore
1590 829 1670 874 pro

309 891 437 929 tantae
465 881 606 942 gloriae
633 895 706 939 spe
731 888 858 937 atque
887 881 1181 939 expectatione
1213 883 1426 927 censebat.
1464 884 1575 928 Elias
1607 884 1672 928 fa—

308 969 447 1005 mem,
470 952 663 1001 insidias,
682 950 916 1008 mortisque
937 959 1141 1003 terrores,
1165 953 1361 998 laborum
1389 955 1541 999 acerba
1565 957 1672 1000 tole-

307 1027 442 1073 ravit:
466 1033 509 1069 et
531 1033 675 1067 tamen
696 1024 809 1066 solus
835 1023 905 1066 ille
927 1023 1059 1082 igneis
1081 1025 1301 1076 curribus,
1321 1027 1439 1084 equis
1461 1027 1594 1086 igneis
1619 1028 1673 1072 de

312 1099 422 1143 coelo
439 1096 647 1140 deductus
666 1095 720 1136 ad
739 1102 872 1136 terras
888 1127 897 1143 ,
922 1103 964 1137 et
987 1095 1038 1138 de
1060 1096 1182 1139 terris
1203 1106 1397 1141 revectus
1415 1098 1468 1142 ad
1489 1100 1670 1149 coelum,

312 1183 441 1213 omne
462 1165 664 1209 meritum
684 1162 812 1222 hujus
840 1164 998 1208 militiae
1030 1166 1272 1218 abscondit,
1305 1176 1432 1228 atque
1463 1170 1574 1213 ultra
1599 1168 1676 1212 hu-

312 1254 440 1284 mana
459 1235 601 1281 omnia
616 1234 794 1294 gratiam
814 1236 1047 1279 ascensoris
1069 1237 1218 1281 evexit.
1241 1238 1347 1283 Nam
1364 1241 1416 1283 de
1430 1239 1556 1284 Petro
1573 1239 1676 1298 quid

313 1312 480 1369 loquar,
505 1307 578 1366 qui
599 1321 771 1349 crucem
791 1322 910 1349 suam
932 1307 1074 1351 futura
1095 1310 1437 1353 remuneratione
1459 1310 1676 1370 indignam

317 1382 564 1429 arbitratus,
594 1378 760 1421 inverso
783 1378 982 1436 suspendi
1008 1380 1199 1437 poposcit
1227 1381 1424 1440 vestigio,
1448 1391 1497 1425 ut
1519 1382 1678 1440 aliquid

315 1451 499 1514 passioni
532 1465 616 1493 suae
647 1449 841 1498 adderet,
873 1448 996 1507 cujus
1030 1450 1229 1493 acerbare
1258 1451 1348 1510 ipse
1375 1452 1454 1504 sibi
1470 1451 1678 1513 supplicia

312 1538 402 1569 non
422 1518 621 1566 timeret?
1576 1571 1580 1573 >

375 1593 448 1638 ΙΙΙ.
487 1592 608 1635 Unde
624 1605 710 1634 non
726 1590 938 1633 immerito
955 1600 1125 1636 sanctus
1140 1592 1275 1636 David
1287 1591 1340 1636 ad
1356 1593 1470 1637 illam
1483 1587 1676 1655 gloriam,

318 1681 418 1711 cum
439 1665 483 1707 in
504 1670 657 1707 caetero
669 1677 812 1721 opere,
835 1671 927 1705 tum
943 1663 1126 1708 maxime
1143 1664 1185 1707 in
1198 1662 1678 1739 quadragesimossprimo

316 1737 483 1783 Psalmo
510 1749 554 1777 se
580 1733 778 1776 festinare
809 1741 989 1776 testatur
1014 1734 1157 1778 dicens
1177 1751 1191 1798 ᾗ
1213 1737 1423 1789 «Quando
1448 1732 1613 1782 veniam
1636 1746 1680 1782 et

319 1805 561 1866 »apparebo
589 1812 685 1847 ante
716 1803 868 1846 faciem
895 1804 1032 1847 Dei’?
1055 1825 1071 1846 »
1105 1807 1154 1849 In
1184 1822 1267 1864 quo
1297 1807 1463 1851 Psalmo
1505 1810 1549 1852 et
1588 1799 1682 1868 Per-

318 1876 581 1923 turbationes
597 1873 794 1917 humanae
804 1873 1055 1933 fragilitatis,
1074 1885 1117 1919 et
1133 1878 1442 1923 consolationes
1460 1894 1483 1922 a
1496 1879 1683 1938 Domino

319 1947 536 1992 evidenter
565 1943 780 2010 expressit.
820 1945 884 2000 jln'
905 1956 988 2003 quo
1020 1944 1147 1992 etiam
1178 1947 1421 2011 interpellat
1444 1949 1525 2021 pro
1558 1941 1683 2007 nobis

318 2020 485 2067 Deum,
511 2014 626 2075 quod
647 2011 809 2059 oblitus
822 2007 965 2081 ‘operis
989 2017 1077 2069 sui,
1105 2017 1261 2062 oblitus
1279 2020 1456 2078 'conat‘ae
1471 2006 1523 2063 ⁴in
1539 2009 1684 2085 horni-

320 2104 419 2134 nem
443 2084 703 2132 liberalitatis
730 2094 773 2129 et
793 2079 958 2145 gratiae,
988 2097 1116 2147 quem
1142 2072 1685 2152 tuendum'atque'ornan-

323 2163 427 2204 dum
450 2152 716 2218 susceperat,
751 2158 1043 2217 dereliquerit,
1062 2167 1105 2204 et
1126 2158 1344 2208 infirmum
1367 2177 1416 2206 ac
1434 2144 1685 2225 naufragum

325 2229 497 2276 diversis
524 2226 840 2272 infirmitatibus
869 2228 1067 2288 rejecerit
1097 2217 1385 2278 atterendum.'
1409 2221 1686 2296 Qu³od⁵idem

326 2310 423 2346 ante
454 2302 592 2360 ipsum
621 2295 780 2344 fecerat
811 2309 980 2345 sanctus
1006 2301 1090 2345 Joh
1112 2319 1122 2346 :
1151 2306 1226 2349 sed
1251 2305 1329 2349 iste
1354 2295 1554 2351 moralius
1564 2294 1593 2360 ,ἦ
1614 2300 1686 2351 ine

324 2371 628 2418 vehementius.
651 2372 877 2430 Utriusque
893 2372 1020 2433 igitur
1039 2373 1400 2435 interpellationes
1417 2374 1688 2438 considerare

327 2443 447 2488 cordi
474 2450 562 2493 est3
594 2443 708 2501 quod
740 2442 784 2487 in
808 2443 873 2487 his
902 2443 998 2490 vitae
1029 2436 1225 2492 hum'anae
1253 2438 1682 2517 sorma‘exprintitur,

367 2564 500 2615 rRom.
516 2573 592 2606 vm,
610 2562 658 2599 18.
674 2582 717 2616 --4
740 2573 754 2605 9
777 2573 790 2599 ι
807 2565 887 2618 Gor2
902 2575 956 2608 xv.
972 2566 1029 2605 51.
1051 2585 1092 2613 τ
1110 2568 1126 2597 ³
1141 2567 1225 2607 Psal.
1244 2578 1315 2619 xm,
1330 2569 1370 2610 a.
1420 2607 1433 2618 „
1494 2602 1496 2607 .
