1780 3120
337 240 423 294 364
888 247 921 280 s.
960 242 1153 280 Aunnosu

339 346 512 386 usuram
540 326 811 390 pecuniam¹,
849 329 963 386 quod
985 328 1072 371 Lex
1101 325 1308 385 prohibet.
1337 322 1422 369 Sed
1441 323 1594 369 Tobias
1619 320 1703 371 hoc

336 403 600 461 refugiebat,
635 399 708 458 qui
729 398 931 441 monebat
966 397 1128 446 filium,
1155 412 1207 440 ne
1239 403 1498 455 praeceptum
1532 392 1704 440 Domini

339 471 616 535 praeteriret²‚
656 479 702 514 ut
732 486 784 513 ex
806 470 1038 512 substantia
1064 485 1138 511 sua
1168 470 1484 526 eleemosynam
1519 466 1701 516 faceret,

338 562 422 590 non
446 544 669 604 pecuniam
706 542 956 591 foeneraret‚
981 555 1069 583 non
1103 546 1310 582 averteret
1335 539 1486 582 faciem
1513 553 1631 582 suam
1651 539 1703 580 ab

336 618 424 659 ullo
445 629 642 675 paupere.
676 614 776 657 Haec
798 612 871 670 qui
902 619 1072 660 monet,
1099 610 1356 653 condemnat
1384 624 1533 652 usuras
1567 609 1706 652 foeno-

338 688 420 737 ris,
445 702 496 730 ex
521 700 605 744 quo
627 684 751 727 multi
771 691 978 740 quaestum
1008 681 1228 729 fecerunt,
1264 688 1308 723 et
1337 680 1482 724 multis
1519 690 1706 723 commo-

339 757 439 802 dare
465 755 666 814 pecunias
693 752 921 812 negotiatio
943 751 1035 794 fuit.
1051 751 1118 793 *Et
1145 749 1317 808 quidem
1340 765 1434 793 eam
1471 749 1707 808 prohibue-

341 836 443 871 runt
464 827 611 870 sancti.

397 898 517 943 VIII„
536 898 633 951 Quo
653 895 819 955 gravius
841 894 1001 937 malum
1018 892 1155 935 soenus
1182 899 1245 934 est
1259 923 1271 940 ,
1292 906 1344 934 eo
1364 890 1618 935 laudabilior
1637 890 1709 949 qui

342 969 448 1013 illud
477 968 644 1026 refugit.
678 967 740 1010 Da
764 965 991 1025 pecuniam
1020 963 1052 1006 si
1075 963 1206 1006 habes
1221 995 1231 1012 ,
1258 961 1392 1021 prosit
1426 962 1495 1004 alii
1517 977 1611 1020 quae
1633 961 1710 1005 tibi

341 1041 475 1083 otiosa
497 1047 572 1083 est.
601 1039 664 1081 Da
696 1037 814 1096 quasi
846 1052 932 1080 non
963 1043 1238 1093 recepturus,
1275 1041 1323 1076 ut
1347 1035 1469 1076 lucro
1499 1034 1649 1082 cedat,
1677 1032 1712 1075 si

343 1109 507 1154 reddita
528 1108 669 1152 suerit.
707 1107 794 1160 Qui
813 1122 899 1150 non
921 1105 1062 1149 reddit
1077 1105 1302 1164 pecuniam
1315 1137 1328 1154 ,
1346 1103 1486 1148 reddit
1500 1103 1678 1163 gratiam
1698 1118 1710 1145 τ

343 1180 378 1224 si
400 1179 608 1223 fraudaris
634 1177 813 1237 pecunia
828 1210 839 1227 ,
879 1176 1061 1234 acquiris
1082 1174 1310 1233 justitiam3
1352 1174 1490 1232 justus
1510 1181 1574 1221 est
1599 1173 1714 1217 enim

343 1249 415 1307 qui
436 1249 661 1292 miseretur
679 1256 722 1291 et
737 1247 993 1291 commodat.
1020 1245 1065 1289 Si
1086 1244 1296 1288 amittitur
1316 1244 1499 1303 pecunia
1516 1277 1528 1294 ,
1547 1259 1716 1303 compa-

347 1327 466 1363 ratur
486 1318 790 1362 misericordia.
819 1317 1036 1375 Scriptum
1049 1323 1112 1360 est
1126 1315 1241 1360 enim
1261 1331 1271 1359 ε
1289 1333 1305 1356 «
1321 1315 1407 1370 Qui
1427 1314 1528 1360 facit
1548 1314 1717 1359 miseri-

345 1407 362 1430 »
377 1387 565 1432 cordiam
577 1421 588 1439 ,
612 1387 794 1431 soenerat
807 1387 1002 1447 proximo
1016 1386 1048 1430 ³.
1070 1405 1087 1429 »

349 1531 1721 1550 mmmmmmmmwmmmmmmfflmmwm

881 1635 1061 1682 CAPUT
1092 1637 1165 1680 111.

351 1757 617 1806 Ambrosius
631 1762 951 1819 faeneratorum
971 1747 1351 1806 inhumanitatem
1367 1763 1418 1806 in
1433 1774 1722 1822 pauperes,et

412 1846 567 1875 eorum
578 1841 695 1874 artes
706 1831 866 1887 quibus
876 1832 975 1876 ictos
990 1832 1077 1876 .ςίὁί
1096 1833 1338 1883 addicant,
1351 1834 1490 1878 oculis
1503 1833 1689 1891 subjicit
1700 1851 1718 1884 ,-

402 1919 455 1947 aa
471 1904 651 1945 demam
667 1903 720 1944 in
729 1901 902 1945 eosdem
919 1902 1164 1948 invehitur.

407 2026 484 2070 IX.
511 2024 653 2068 Μυιτι
673 2025 882 2083 dispendii
905 2033 1023 2069 metu
1042 2041 1130 2069 non
1146 2025 1380 2078 foenerant,
1403 2029 1507 2072 dum
1529 2027 1724 2072 fraudem

345 2104 557 2140 verentur.
586 2096 639 2138 Et
649 2096 732 2139 hoc
742 2104 806 2139 est
821 2098 936 2154 quod
949 2098 1192 2155 petentibus
1215 2106 1531 2144 consueverunt
1545 2098 1719 2143 referre.

342 2167 508 2210 Horum
533 2165 766 2223 unicuique
785 2166 943 2210 dicitur
965 2182 976 2210 ε
1000 2184 1017 2206 α
1033 2168 1168 2210 Perde
1189 2168 1418 2227 pecuniam
1437 2177 1614 2229 propter
1636 2168 1725 2215 fra·-

347 2247 488 2282 »trem
508 2245 551 2281 et
570 2238 780 2289 amicum,
813 2246 857 2281 et
876 2254 964 2282 non
995 2239 1230 2283 abscondas
1260 2240 1378 2284 illam
1398 2242 1480 2301 sub
1511 2242 1653 2301 lapide
1681 2243 1725 2288 in

349 2325 367 2348 π
379 2307 676 2366 perditionem.
690 2308 806 2352 Pone
821 2309 1068 2352 thesaurum
1079 2318 1200 2353 tuum
1209 2310 1251 2353 in
1267 2311 1490 2371 praeceptis
1500 2310 1724 2365 Alfissimi,

349 2396 368 2419 ι
381 2386 424 2421 et
440 2378 631 2437 proderit
647 2378 724 2422 tibi
750 2380 883 2439 magis
904 2395 1032 2438 quam
1051 2380 1241 2424 aurum&
1263 2400 1279 2422 »
1301 2381 1387 2425 Sed
1406 2374 1726 2428 obsurduerunt

353 2464 474 2492 aures
490 2449 715 2493 hominum
736 2451 790 2494 ad
811 2459 899 2497 tam
914 2452 1117 2499 salutaria
1131 2461 1342 2513 praecepta
1355 2485 1367 2503 ,
1392 2461 1436 2498 et
1455 2452 1638 2513 maximo
1660 2453 1728 2502 di-

375 2550 405 2605 ..¹
426 2542 526 2640 Dzut.
541 2552 638 2580 xxm.
655 2553 752 2587 ¹9··-
769 2553 782 2569 ³
802 2544 888 2583 Tob.
909 2557 955 2590 ιν,
972 2545 1005 2587 6,
1020 2551 1054 2586 et
1064 2556 1157 2594 seqq.
1172 2564 1212 2572 —
1228 2549 1242 2571 3
1257 2545 1360 2592 Eccli.⁴
1374 2557 1465 2593 ¹3¹3·
1485 2557 1510 2583 ι.
1531 2565 1573 2573 -
1594 2549 1608 2580 4
1625 2545 1716 2589 lbid.

358 2606 393 2631 ιο
409 2620 417 2632 .
446 2607 454 2629 ι
488 2620 498 2631 .
