1780 3120
349 230 434 274 256
897 234 926 263 s.
968 229 1162 264 aunnosn

346 322 464 365 Unde
486 328 528 362 et
548 317 702 362 Paulus
724 313 781 357 ait
806 328 815 356 :
833 330 848 351 a
869 312 955 356 Lae
973 311 1092 355 vobis
1115 316 1264 367 potum
1287 305 1410 357 dedi,
1436 318 1522 349 non
1539 318 1680 348 escam
1700 322 1719 355 ς

349 392 567 447 »nondum
590 387 703 430 enim
727 382 971 444 poteratis¹.
999 401 1015 421 n
1046 378 1288 424 Corinthios
1304 377 1346 421 in
1371 375 1580 436 principio
1610 374 1719 436 fidei

346 469 449 520 potu
460 459 581 503 lactis
602 456 767 500 imbuit,
795 455 848 497 Et
864 452 998 497 sancti
1018 452 1092 500 illi,
1116 465 1300 508 quorum
1319 448 1423 492 fides
1437 447 1716 493 annuntiat-ur

347 530 391 573 in
408 529 602 572 universo
618 527 805 577 mundo,
829 533 1031 582 tanquam
1055 521 1278 572 ablactati,
1306 536 1402 564 esca
1420 519 1623 564 solidiore
1647 517 1730 578 fir2

347 608 532 644 mantur.

345 769 405 782 m
416 767 591 780 §stnvuffl
602 761 1274 779 ,utmmsmmusnwmmmnwssmn
1282 758 1716 774 mwwnwtmtmvts

893 865 1070 911 CAPUT
1101 865 1150 910 V.

343 1016 660 1063 Benedictione
692 1016 898 1061 Zabulon
939 1016 1186 1060 Ecclesiam
1211 1026 1346 1074 atque,
1364 1017 1461 1074 ejus
1487 1015 1717 1074 principes

890 1087 1154 1147 ⁴designari.
1383 1079 1387 1083 ⁴

404 1226 564 1273 XXVI.
614 1245 630 1266 ι(
646 1225 845 1271 ZanuLoN
866 1226 984 1284 juxta
1005 1242 1122 1269 mare
1143 1226 1377 1278 habitabit,
1408 1234 1451 1270 et
1481 1226 1570 1286 ipse
1591 1240 1713 1269 secus

351 1314 573 1343 »accessus
604 1299 798 1346 navium,
833 1306 876 1341 et
903 1301 1127 1357 pertendet
1158 1315 1292 1358 usque
1331 1301 1384 1343 ad
1419 1297 1664 1343 Sidonem2.
1686 1316 1703 1339 »

345 1370 439 1429 Ipsa
470 1369 650 1413 nominis
685 1369 973 1427 interpretatio
994 1371 1169 1415 meliora
1192 1370 1401 1430 promittit
1417 1387 1429 1421 ;
1449 1386 1500 1413 eo
1515 1370 1631 1428 quod
1650 1371 1714 1414 la-

344 1440 430 1482 tina
465 1439 676 1498 expressio
710 1439 1003 1483 liberationem
1037 1440 1246 1500 significet
1271 1457 1294 1484 a
1317 1440 1561 1491 nocturnis,
1596 1441 1714 1498 quod

349 1518 411 1553 est
432 1510 579 1569 utique
609 1510 770 1553 bonum
786 1544 797 1561 ‚
828 1518 871 1553 et
893 1511 986 1569 ejus
1012 1512 1083 1570 qui
1112 1521 1253 1571 sperat
1275 1513 1319 1555 in
1342 1511 1493 1572 pennis
1515 1511 1711 1571 Domini,

346 1595 472 1638 quem
500 1580 738 1623 circumdat
769 1581 921 1624 veritas
954 1582 1068 1640 ejus,
1106 1599 1159 1626 ne
1193 1583 1341 1630 timeat
1375 1599 1399 1626 a
1428 1582 1580 1642 timore
1606 1596 1713 1625 noc-

348 1660 474 1694 turno
490 1684 501 1701 ,
520 1661 563 1694 et
584 1667 606 1694 a
628 1652 797 1711 negotio
820 1653 1143 1712 perambulante
1163 1653 1206 1697 in
1229 1653 1430 1697 tenebris.

402 1721 583 1766 XXVII.
621 1723 701 1766 Hic
721 1718 822 1781 erg'o
844 1723 1070 1767 «Zabulon
1089 1724 1208 1782 juxta
1231 1740 1375 1776 mare,
1404 1724 1564 1782 inquit,
1587 1724 1714 1785 habi-v

345 1792 506 1841 »tabit3
525 1810 541 1832 1>
568 1800 615 1835 ut
641 1792 781 1837 videat
797 1794 978 1837 aliorum
999 1795 1239 1854 naufragia,
1270 1796 1359 1855 ipse
1380 1783 1713 1857 immunisperi-

345 1862 453 1911 culi,
472 1870 514 1905 et
532 1862 808 1922 aliosspectet
826 1863 1082 1909 fluctuantes
1104 1865 1146 1909 in
1163 1866 1274 1909 freto
1290 1866 1410 1909 istius
1445 1865 1596 1908 mundi
1610 1898 1621 1915 ‚
1640 1865 1714 1924 qui

344 1932 697 1976 circumferantur
713 1935 830 1978 omni
847 1944 973 1979 vento
997 1936 1224 1987 doctrinae,
1244 1937 1332 1995 ipse
1354 1935 1454 1979 fidei
1471 1936 1614 1980 radice
1630 1936 1714 1979 im-

342 2002 510 2046 mobilis
533 2002 827 2062 perseverans,
853 2005 964 2049 sicut
987 2014 1051 2050 est
1076 2015 1370 2050 sacro—sancta
1390 2005 1580 2050 Ecclesia
1598 2005 1714 2049 radi-

345 2082 438 2117 cata
456 2082 581 2133 atque
589 2075 763 2121 fundata
785 2077 828 2120 in
845 2076 945 2128 fide,
965 2087 1161 2137 spectans
1174 2079 1474 2123 haeretieorum
1485 2068 1709 2138 procellas,

346 2153 390 2187 et
421 2145 635 2205 naufragia
666 2146 939 2198 Judaeorum,
971 2149 1174 2207 quoniam
1208 2150 1555 2210 gubernatorem,
1583 2138 1712 2207 quem

342 2213 603 2267 habuerant,
629 2217 906 2277 abnegarunt.
935 2219 1058 2264 Circa
1079 2221 1238 2265 fluctus
1261 2221 1391 2280 igitur
1411 2220 1598 2272 habitat,
1625 2235 1712 2264 non

344 2283 545 2329 fluctibus
562 2298 872 2341 commovetur,
893 2292 1111 2350 magisque
1127 2294 1180 2335 ad
1196 2293 1534 2336 subveniendum
1546 2299 1724 2352 parata,
1778 2313 1780 2316 ·

345 2371 472 2413 quam
492 2357 680 2415 periculo
697 2360 900 2412 obnoxia;
928 2371 976 2405 ut
996 2363 1030 2406 si
1047 2364 1119 2421 qui
1137 2365 1460 2423 tempestatibus
1477 2363 1560 2407 acti
1577 2362 1713 2423 gravi-

347 2427 427 2486 bus
447 2429 674 2488 confugere
698 2434 751 2475 atl
775 2442 946 2493 portum
975 2434 1131 2498 velint,
1161 2445 1313 2494 praesto
1335 2435 1388 2479 sit
1407 2435 1595 2498 Ecclesia
1613 2443 1710 2496 tan-

345 2513 472 2556 quam
502 2509 649 2559 portus
679 2505 847 2556 salutis,
877 2521 970 2564 quae
1002 2508 1196 2567 expansis
1227 2507 1415 2552 brachiis
1438 2508 1482 2552 in
1499 2507 1709 2569 gremium

390 2597 402 2614 ⁸
426 2599 438 2623 ι
457 2589 533 2624 Cor.
549 2602 604 2634 m,
622 2604 653 2629 ι.
670 2612 710 2620 -
727 2605 740 2622 ⁸
760 2596 843 2631 Gen.
861 2608 952 2640 vaux,
975 2590 1040 2633 ιδ(
