1780 3120
400 259 422 285 2
431 243 483 293 40
944 249 975 276 s.
1015 247 1205 276 amnnosu

395 351 412 374 2>
425 331 494 375 ibi.
521 329 607 386 Ego
625 326 878 370 descendam
898 334 1040 368 tecum
1059 325 1100 367 in
1118 325 1349 382 AEgyptum
1362 356 1372 373 ,
1391 331 1434 366 et
1449 338 1526 382 ego
1544 323 1751 370 deducam

394 411 464 444 »te
494 401 534 442 in
567 396 863 456 perpetuum¹.
895 415 910 436 »
945 394 1318 448 Quemadmodum
1349 409 1442 452 quae
1476 395 1552 454 ipsi
1577 397 1747 456 legunt,

393 486 478 515 non
500 468 752 526 intelligunt3
772 475 813 509 et
834 467 1022 524 Moysen,
1047 481 1173 524 quem
1190 466 1382 515 laudant,
1402 466 1626 525 abnegant,
1650 483 1749 512 cum

392 541 483 599 ejus
504 539 668 599 scriptis
692 539 866 581 credere
890 539 1053 580 nolunt.
1086 536 1202 589 Quid
1228 536 1463 579 evidentius
1486 553 1612 595 quam
1636 541 1752 597 quod

391 612 474 655 hoc
507 613 601 654 loco
631 609 875 656 invitantur,
904 616 951 650 ut
981 609 1031 650 ad
1063 615 1250 650 sanctam
1276 607 1509 652 Ecclesiam
1531 608 1608 651 Dei
1634 618 1751 652 tran-

393 690 526 732 seant,
550 680 673 738 etqui
690 687 786 721 ante
809 679 917 721 intra
934 678 1090 721 Judaeae
1108 678 1314 720 terminos
1331 679 1750 723 coarctabanturlan-

391 762 552 812 gustos,
593 753 646 794 ad
676 752 878 809 populum
903 751 980 794 Dei
1001 749 1205 807 migrent,
1239 749 1311 807 qui
1337 765 1390 792 ex
1416 758 1504 793 toto
1540 751 1666 814 orbe,
1698 768 1751 795 ex

393 823 588 866 omnihus
623 821 864 863 nationibus
897 829 939 863 et
973 821 1138 878 populis
1170 830 1449 879 congregatus
1480 821 1522 864 in
1553 837 1750 880 magnam

388 892 523 935 sactus
545 900 608 934 est
627 899 793 949 gentem
809 891 827 932 Ρ
843 891 1034 948 Denique
1051 891 1092 933 in
1115 906 1286 934 omnem
1302 899 1459 934 terram
1476 891 1605 934 exivit
1622 907 1750 935 sonus

390 978 550 1006 eorum.
587 961 772 1005 'Vocatur
793 976 893 1019 ergo
917 977 938 1004 a
960 961 1056 1004 filiis
1077 962 1161 1004 suis
1177 963 1337 1012 Jacob,
1367 963 1409 1005 id
1431 971 1518 1012 est,
1548 978 1571 1006 a
1596 963 1745 1013 Petro,

386 1031 537 1085 Paulo,
554 1032 719 1076 Joanne
740 1034 922 1091 populus
943 1032 1192 1076 Judaeorum
1214 1033 1414 1077 invitatur
1436 1035 1487 1077 ad
1509 1035 1700 1093 gratiam.

446 1105 682 1150 LXXXIII.
721 1105 813 1162 Ipse
834 1118 1002 1161 quoque
1018 1103 1131 1146 Deus
1147 1113 1293 1147 noster
1307 1106 1479 1164 proprio
1493 1120 1593 1148 eum
1609 1106 1749 1149 horta·

387 1187 456 1221 tur
479 1178 670 1226 oraculo,
696 1176 873 1233 spondet
898 1175 934 1216 ei
958 1174 1201 1233 profectum
1219 1174 1318 1218 fidei
1335 1176 1522 1219 muneris
1544 1176 1607 1219 sui
1630 1175 1748 1219 sruc-

388 1257 478 1291 tum
514 1247 655 1290 dicens
687 1246 725 1288 ei
754 1261 763 1288 ε
795 1265 810 1285 α
836 1245 995 1303 Joseph
1036 1245 1176 1288 mittet
1215 1262 1391 1289 manum
1433 1263 1560 1305 super
1602 1248 1747 1290 oculos

387 1317 578 1361 »tuos².»
606 1317 698 1360 Non
730 1317 874 1374 utique
902 1325 1072 1359 sanctus
1093 1317 1340 1360 Patriarcha
1371 1317 1576 1361 sollicitus
1597 1326 1687 1361 erat
1724 1333 1746 1360 a

388 1405 472 1448 quo
495 1389 532 1431 ei
556 1388 667 1431 oculi
691 1388 991 1431 clauderentur
1000 1405 1011 1437 ;
1036 1387 1136 1430 licet
1159 1388 1286 1431 etiam
1318 1388 1537 1431 intellectu
1566 1388 1746 1447 simplici

388 1459 556 1503 moralis
573 1460 832 1518 exprimatur
849 1459 1038 1502 affectus.
1066 1459 1172 1503 Nam
1196 1459 1229 1501 si
1259 1475 1354 1510 eos,
1379 1475 1484 1518 quos
1505 1459 1716 1517 diligimus
1730 1493 1742 1510 ,

387 1531 580 1590 cupimus
607 1530 848 1588 frequenter
878 1530 1097 1589 amplecti,
1128 1540 1287 1589 quanto
1310 1531 1442 1590 magis
1462 1530 1671 1574 recessuri
1694 1545 1747 1573 ex

387 1602 469 1645 hoc
491 1617 688 1659 corpore,
718 1602 807 1660 ipso
829 1602 1055 1644 charorum
1083 1602 1306 1661 pignorum
1335 1610 1452 1646 tactu
1485 1603 1746 1644 delectamur

387 1680 575 1714 extremo
589 1704 599 1721 ,
623 1681 665 1714 et
685 1671 768 1714 hoc
790 1674 1031 1716 mulcemur
1051 1672 1238 1717 viatico?
1259 1674 1419 1716 Tamen
1443 1673 1624 1731 mystice
1646 1671 1745 1714 licet

384 1743 508 1786 nobis
525 1742 757 1800 intelligere
773 1745 887 1800 quod
901 1753 1046 1802 postea
1066 1744 1312 1803 cogniturus
1330 1745 1468 1787 Deum
1489 1744 1542 1787 sit
1560 1745 1744 1803 populus

384 1812 642 1857 Judaeorum.
673 1814 763 1856 Hoc
794 1823 857 1857 est
879 1815 991 1857 enim
1010 1816 1258 1874 mysterium
1272 1849 1283 1866 ,
1312 1817 1428 1873 quod
1441 1830 1564 1858 verus
1583 1814 1743 1873 Joseph

387 1882 583 1926 immittet
608 1898 757 1926 manus
791 1899 918 1942 super
948 1888 1095 1928 oculos
1127 1886 1219 1944 ejus
1229 1904 1241 1936 3
1275 1894 1323 1929 ut
1358 1886 1430 1944 qui
1457 1901 1542 1929 non
1573 1885 1744 1928 videbat

386 1962 504 2004 ante,
533 1954 619 2012 jam
644 1954 794 1998 videat.
822 1955 930 1999 Veni
958 1958 1011 2000 ad
1035 1957 1331 2016 Evangelium,
1352 1959 1445 2017 lege
1470 1959 1743 2016 quemadmo-

383 2026 485 2068 dum
508 2041 642 2070 caecus
662 2026 731 2068 ille
753 2036 923 2070 sanatus
947 2028 1021 2078 sit,
1059 2029 1128 2071 cui
1158 2028 1283 2072 Jesus
1310 2043 1483 2072 manum
1514 2028 1740 2088 imposuit,

384 2104 426 2138 et
446 2095 536 2153 ejus
558 2096 729 2138 abstulit
750 2097 983 2140 caeeitatem
997 2097 1027 2141 ³.
1059 2099 1153 2142 Non
1174 2100 1286 2142 enim
1308 2100 1526 2143 morituris
1550 2096 1742 2153 Christus

382 2182 555 2208 manum
583 2166 783 2225 imponit,
810 2169 885 2210 sed
915 2169 1085 2212 victuris
1118 2186 1127 2212 :
1166 2180 1238 2213 aut
1268 2171 1300 2214 si
1331 2168 1572 2221 morituris,
1597 2169 1740 2222 rect-33

386 2238 482 2294 quia
498 2237 613 2294 prius
628 2238 850 2288 morimur,
870 2248 918 2282 ut
934 2241 1244 2285 reviviscamus.
1269 2240 1363 2286 Non
1382 2242 1496 2284 enim
1517 2241 1741 2300 possumus

383 2307 472 2350 Deo
492 2307 630 2350 vivere
643 2341 654 2357 ‚
673 2308 750 2350 nisi
773 2318 948 2366 peccato
965 2319 1063 2353 ante
1083 2310 1328 2356 moriamur.

441 2377 675 2422 LXXXIV.
711 2378 984 2423 Descendunt
1000 2380 1127 2439 igitur
1152 2383 1195 2424 in
1220 2384 1451 2442 AEgyptum
1471 2383 1739 2443 septuaginta

383 2447 567 2505 quinque
589 2449 756 2499 animae,
788 2450 896 2494 sicut
921 2452 1126 2510 scriptum
1150 2462 1238 2502 est,
1262 2463 1304 2497 et
1331 2454 1413 2498 hoc
1438 2453 1628 2514 mysticae
1656 2455 1740 2498 nu-
1757 2463 1766 2469 ”

381 2531 498 2559 mero
524 2518 799 2570 remissionis;
823 2522 919 2578 quia
947 2531 1042 2580 post
1065 2532 1227 2567 tautam
1254 2525 1456 2569 duritiam
1471 2558 1482 2576 ‚
1506 2534 1603 2585 post
1625 2534 1737 2570 tanta

429 2617 438 2632 ¹
456 2609 541 2642 Gen.
559 2620 641 2648 κινε,
660 2611 729 2649 2-4.
747 2628 787 2637 —-
805 2620 818 2636 ¹
837 2612 921 2647 lbid.
936 2614 969 2652 4.
986 2632 1024 2640 —·-
1044 2617 1057 2640 ’
1078 2616 1174 2650 sonu.
1197 2627 1242 2657 ix,
1258 2618 1289 2650 6.
1328 2613 1331 2615 “
