1780 3120
351 212 409 255 68
894 215 924 243 s.
968 212 1156 243 munosu

346 339 1017 369 uwxwmvwwvxmvwvwvuwvwmwvwvm
1022 335 1342 355 wmmwvwxwwwm
1347 335 1429 353 mwn
1433 335 1566 352 wnwwt
1573 336 1576 339 ⁴
1583 333 1612 351 -Λ
1617 336 1708 354 mm

857 434 1062 493 'CAPUT
1092 447 1164 492 v1.

349 586 439 631 Hie
469 581 620 625 omnia
644 577 810 635 laqueis
827 573 1166 633 principatuum
1189 579 1419 614 aereorum
1448 582 1488 614 et
1516 582 1709 631 potesta..

407 667 502 699 tum
513 650 674 695 intendi
690 649 822 706 plena
837 660 933 688 esse.
952 644 1182 697 Quomodo
1194 643 1228 685 ii
1240 643 1502 686 declinandi
1510 662 1527 694 ;
1538 644 1708 701 quodve

404 727 488 768 iter
506 723 565 767 ad
590 719 701 764 illud
718 714 1046 760 insistendum?

401 854 539 899 XXII.
578 850 661 894 SED
683 855 780 891 sunt
795 845 1056 905 principatus
1074 842 1173 886 ae‘rii
1186 875 1198 893 ‚
1218 851 1261 886 et
1277 850 1505 902 potestates
1525 842 1701 892 mundi,

342 926 412 984 qui
436 939 510 967 nos
526 922 641 965 velut
662 921 713 962 de
730 932 851 961 muro
869 915 1055 974 dejicere
1078 914 1251 964 animae,
1277 915 1343 958 vel
1365 913 1570 972 impedire
1585 920 1707 956 recte

342 995 600 1055 gradientes,
616 991 682 1033 vel
705 990 757 1031 ad
779 987 923 1031 altiora
947 987 1170 1029 tendentes
1188 992 1383 1042 quaerunt
1404 985 1638 1043 deponere,
1658 991 1705 1026 et

343 1068 394 1109 ad
415 1074 581 1108 terrena
610 1075 820 1104 revocare.
862 1058 948 1101 Sed
977 1071 1054 1100 nos
1084 1058 1220 1099 multo
1254 1056 1386 1114 magis
1419 1056 1473 1098 ad
1503 1054 1700 1098 sublimia

340 1144 528 1180 mentem
550 1134 775 1191 erigamus,
790 1128 979 1173 Verbum
998 1136 1221 1185 sequentes
1239 1127 1332 1170 Dei.
1355 1127 1422 1170 llli
1438 1126 1708 1185 principatus·

341 1207 554 1251 saecularia
586 1204 832 1251 offundunt,
871 1199 1024 1258 quibus
1062 1208 1180 1243 tuam
1217 1207 1407 1242 mentem
1443 1197 1665 1240 incurvent
1684 1213 1696 1238 :

339 1287 443 1320 tunc
462 1275 593 1334 magis
623 1274 675 1316 ad
702 1271 915 1315 Christum
931 1304 942 1321 ‚
968 1269 1106 1312 anima
1122 1302 1134 1319 ,
1159 1269 1291 1328 dirige
1312 1284 1476 1328 gressus
1498 1276 1606 1311 tuos.
1633 1268 1701 1310 In-

336 1346 491 1404 jiciunt
519 1344 791 1403 cupiditatem
819 1341 931 1389 auri,
957 1339 1144 1399 argenti,
1166 1340 1314 1383 vicinae
1330 1338 1628 1397 possessionis;
1649 1345 1702 1381 ut

340 1418 603 1474 acquirendae
619 1414 708 1472 ejus
726 1414 856 1472 gratia
877 1427 1050 1455 excuses
1067 1418 1108 1454 te
1126 1426 1148 1453 a
1166 1425 1287 1453 coena
1305 1410 1416 1453 illius
1434 1409 1506 1468 qui
1524 1411 1575 1452 ad
1592 1424 1700 1467 nup-

339 1489 414 1530 tias
438 1487 565 1531 Verbi
597 1494 637 1528 te
668 1484 881 1527 invitavit:
906 1492 953 1526 tu
972 1497 1072 1526 cave
1088 1497 1142 1524 ne
1164 1495 1362 1530 excuses,
1382 1481 1458 1523 sed
1472 1487 1632 1523 vestem
1654 1488 1699 1522 te

335 1559 464 1601 indue
484 1555 730 1615 nuptialem,
744 1562 785 1597 et
805 1562 925 1597 utere
947 1552 1138 1596 convivio
1162 1551 1315 1601 divitis3
1339 1566 1393 1594 ne
1416 1550 1548 1599 dives,
1567 1549 1638 1608 qui
1653 1556 1700 1592 te

338 1629 605 1676 invitaverat,
631 1641 729 1669 cum
755 1623 1019 1668 excusaveris
1041 1631 1106 1671 te,
1130 1623 1233 1665 dum
1253 1638 1297 1665 es
1324 1620 1596 1664 saecularibus
1621 1634 1697 1662 oc-

339 1706 532 1756 cupatus‚
558 1697 658 1740 alios
678 1696 839 1743 invitet,
863 1703 906 1737 et
925 1702 971 1736 tu
988 1692 1238 1736 excludaris.
1261 1691 1465 1751 Injiciunt
1483 1691 1610 1734 etiam
1624 1691 1702 1734 ho·

338 1768 451 1811 noris
482 1766 761 1844 appetentiam
791 1772 1018 1824 potestates
1046 1763 1218 1814 mundi;
1247 1771 1296 1806 ut
1324 1771 1366 1806 te
1386 1763 1560 1806 extollas
1588 1760 1698 1804 sicut

337 1837 498 1887 Adam,
522 1845 563 1879 et
585 1837 686 1878 dum
707 1835 767 1878 vis
798 1835 1019 1892 adaequare
1049 1834 1187 1878 Deum
1220 1833 1496 1877 similitudine
1517 1838 1700 1891 potesta-

336 1907 411 1958 tis,
442 1907 578 1950 divina
605 1914 813 1965 praecepta
843 1904 1069 1963 despicias,
1102 1913 1145 1948 et
1165 1920 1258 1963 quae
1279 1904 1492 1953 habebas,
1521 1901 1697 1960 incipias

339 1979 541 2022 amittere.
561 1997 577 2017 ι
593 1977 676 2030 Qui
701 1977 814 2020 enim
844 1991 928 2018 non
961 1975 1112 2025 habet,
1133 1983 1176 2021 et
1193 1973 1309 2034 quod
1333 1974 1461 2018 habet
1483 1971 1700 2035 auferetur

335 2067 352 2091 1>
368 2051 418 2093 ab
435 2050 525 2094 eo'.
539 2069 555 2092 n

393 2121 552 2166 XXIII.
590 2120 764 2173 Quoties
801 2120 842 2162 in
873 2119 1064 2162 oratione
1097 2118 1246 2168 nobis,
1281 2132 1363 2175 qua
1393 2115 1576 2159 maxime
1604 2114 1703 2158 Deo.

336 2193 739 2252 appropinquamus,
763 2191 1043 2243 offunduntur
1064 2205 1113 2233 ea
1140 2204 1232 2248 quae
1267 2190 1390 2247 plena
1418 2195 1515 2230 sunt
1545 2200 1697 2244 oppro-

332 2263 413 2306 brii
432 2263 607 2320 alicujus
626 2271 696 2305 aut
712 2262 879 2304 sceleris
895 2295 905 2312 ,
927 2277 1009 2319 quo
1028 2276 1103 2304 nos
1117 2276 1138 2303 a
1155 2259 1294 2304 studio
1308 2256 1565 2318 precationis
1581 2271 1695 2299 aver-

333 2333 456 2376 tant?
479 2334 653 2385 Quoties
671 2332 863 2374 inimicus
881 2331 999 2375 cordi
1020 2340 1164 2374 nostro
1182 2338 1361 2374 conatur
1378 2329 1561 2372 inserere
1576 2359 1588 2376 ,
1607 2340 1695 2383 quo

336 2419 414 2448 nos
436 2403 626 2446 reflectat
653 2418 672 2444 a
696 2403 927 2445 sanctitatis
950 2402 1166 2460 proposito
1196 2409 1238 2445 et
1263 2401 1342 2460 piis
1361 2398 1494 2444 votis?
1517 2395 1694 2451 Quoties

339 2488 564 2532 corporeos
583 2473 814 2517 inflammat
827 2472 1029 2516 ardores?
1051 2459 1228 2528 Quoties
1246 2485 1470 2515 occursare
1485 2468 1694 2512 facitocu-

380 2572 390 2589 ¹
410 2565 514 2597 Marc.
541 2575 584 2605 ιν,
605 2565 657 2597 25.
