<?xml version="1.0" encoding="UTF-8"?>
<!DOCTYPE html PUBLIC "-//W3C//DTD XHTML 1.0 Transitional//EN"
    "http://www.w3.org/TR/xhtml1/DTD/xhtml1-transitional.dtd">
<html xmlns="http://www.w3.org/1999/xhtml" xml:lang="en" lang="en">
 <head>
  <title>
</title>
<meta http-equiv="Content-Type" content="text/html;charset=utf-8" />
  <meta name='ocr-system' content='tesseract 3.04.00' />
  <meta name='ocr-capabilities' content='ocr_page ocr_carea ocr_par ocr_line ocrx_word'/>
</head>
<body>
  <div class='ocr_page' id='page_1' title='image "./omniaequaeextant02ambruoft_0069.png"; bbox 0 0 1780 3120; ppageno 0'>
   <div class='ocr_carea' id='block_1_1' title="bbox 411 177 1439 220">
    <p class='ocr_par' dir='ltr' id='par_1_1' title="bbox 411 177 1439 220">
     <span class='ocr_line' id='line_1_1' title="bbox 411 177 1439 220; baseline -0.003 -1"><span class='ocrx_word' id='word_1_1' title='bbox 411 190 464 219; x_wconf 68' lang='lat'><strong>1²13</strong></span> <span class='ocrx_word' id='word_1_2' title='bbox 497 187 604 218; x_wconf 69' lang='lat' dir='ltr'><strong>Bono</strong></span> <span class='ocrx_word' id='word_1_3' title='bbox 636 186 799 215; x_wconf 70' lang='lat' dir='ltr'><strong>nonus.</strong></span> <span class='ocrx_word' id='word_1_4' title='bbox 836 187 959 215; x_wconf 73' lang='lat' dir='ltr'><strong>unna</strong></span> <span class='ocrx_word' id='word_1_5' title='bbox 990 186 1107 216; x_wconf 70' lang='lat' dir='ltr'><strong>UNUS·</strong></span> <span class='ocrx_word' id='word_1_6' title='bbox 1385 177 1439 220; x_wconf 82' lang='lat'><strong>61</strong></span> 
     </span>
    </p>
   </div>
   <div class='ocr_carea' id='block_1_2' title="bbox 43 257 1473 2582">
    <p class='ocr_par' dir='ltr' id='par_1_2' title="bbox 63 257 1462 1644">
     <span class='ocr_line' id='line_1_2' title="bbox 85 257 1445 323; baseline 0.001 -11"><span class='ocrx_word' id='word_1_7' title='bbox 85 270 211 318; x_wconf 62' lang='lat' dir='ltr'><strong>cessit</strong></span> <span class='ocrx_word' id='word_1_8' title='bbox 230 276 275 323; x_wconf 77' lang='lat' dir='ltr'><strong>et</strong></span> <span class='ocrx_word' id='word_1_9' title='bbox 293 265 556 310; x_wconf 80' lang='lat' dir='ltr'><strong>subintravit.</strong></span> <span class='ocrx_word' id='word_1_10' title='bbox 584 263 671 308; x_wconf 78' lang='lat' dir='ltr'><strong>Sed</strong></span> <span class='ocrx_word' id='word_1_11' title='bbox 693 264 909 323; x_wconf 88' lang='lat' dir='ltr'><strong>quomodo</strong></span> <span class='ocrx_word' id='word_1_12' title='bbox 924 257 1045 307; x_wconf 66' lang='lat' dir='ltr'><strong>⁴mors»</strong></span> <span class='ocrx_word' id='word_1_13' title='bbox 1072 266 1199 316; x_wconf 73' lang='lat' dir='ltr'>mala,</span> <span class='ocrx_word' id='word_1_14' title='bbox 1222 267 1257 310; x_wconf 87' lang='lat' dir='ltr'><strong>si</strong></span> <span class='ocrx_word' id='word_1_15' title='bbox 1285 277 1357 312; x_wconf 81' lang='lat' dir='ltr'><strong>aut</strong></span> <span class='ocrx_word' id='word_1_16' title='bbox 1384 285 1445 313; x_wconf 82' lang='lat' dir='ltr'><strong>se-</strong></span> 
     </span>
     <span class='ocr_line' id='line_1_3' title="bbox 68 332 1448 397; baseline -0.001 -13"><span class='ocrx_word' id='word_1_17' title='bbox 68 332 277 385; x_wconf 78' lang='lat' dir='ltr'><strong>³cundum</strong></span> <span class='ocrx_word' id='word_1_18' title='bbox 298 337 476 397; x_wconf 77' lang='lat' dir='ltr'><strong>gentiles</strong></span> <span class='ocrx_word' id='word_1_19' title='bbox 506 351 632 379; x_wconf 83' lang='lat' dir='ltr'><strong>seusu</strong></span> <span class='ocrx_word' id='word_1_20' title='bbox 654 342 795 384; x_wconf 80' lang='lat' dir='ltr'><strong>caret,</strong></span> <span class='ocrx_word' id='word_1_21' title='bbox 828 342 901 377; x_wconf 81' lang='lat' dir='ltr'><strong>aut</strong></span> <span class='ocrx_word' id='word_1_22' title='bbox 930 333 1167 379; x_wconf 79' lang='lat' dir='ltr'><strong>secuudum</strong></span> <span class='ocrx_word' id='word_1_23' title='bbox 1196 335 1448 396; x_wconf 73' lang='lat' dir='ltr'><strong>Apostolum</strong></span> 
     </span>
     <span class='ocr_line' id='line_1_4' title="bbox 63 407 1447 464; baseline 0.001 -11"><span class='ocrx_word' id='word_1_24' title='bbox 63 410 255 454; x_wconf 67' lang='lat' dir='ltr'><strong>&#39;luen-um</strong></span> <span class='ocrx_word' id='word_1_25' title='bbox 277 407 470 451; x_wconf 85' lang='lat' dir='ltr'><strong>Christus</strong></span> <span class='ocrx_word' id='word_1_26' title='bbox 492 414 577 455; x_wconf 79' lang='lat' dir='ltr'><strong>est,</strong></span> <span class='ocrx_word' id='word_1_27' title='bbox 602 420 700 448; x_wconf 86' lang='lat' dir='ltr'><strong>cum</strong></span> <span class='ocrx_word' id='word_1_28' title='bbox 723 420 808 464; x_wconf 87' lang='lat' dir='ltr'><strong>quo</strong></span> <span class='ocrx_word' id='word_1_29' title='bbox 832 420 923 448; x_wconf 85' lang='lat' dir='ltr'>esse</span> <span class='ocrx_word' id='word_1_30' title='bbox 945 407 1081 449; x_wconf 91' lang='lat' dir='ltr'><strong>multo</strong></span> <span class='ocrx_word' id='word_1_31' title='bbox 1102 409 1275 451; x_wconf 84' lang='lat' dir='ltr'><strong>melius¹</strong></span> <span class='ocrx_word' id='word_1_32' title='bbox 1292 408 1313 452; x_wconf 79' lang='lat'>?</span> <span class='ocrx_word' id='word_1_33' title='bbox 1331 411 1447 464; x_wconf 85' lang='lat' dir='ltr'><strong>Quo-</strong></span> 
     </span>
     <span class='ocr_line' id='line_1_5' title="bbox 85 475 1448 540; baseline 0 -16"><span class='ocrx_word' id='word_1_34' title='bbox 85 481 216 525; x_wconf 83' lang='lat' dir='ltr'><strong>modo</strong></span> <span class='ocrx_word' id='word_1_35' title='bbox 234 479 359 540; x_wconf 80' lang='lat' dir='ltr'><strong>igitur</strong></span> <span class='ocrx_word' id='word_1_36' title='bbox 373 493 489 521; x_wconf 80' lang='lat' dir='ltr'><strong>mors</strong></span> <span class='ocrx_word' id='word_1_37' title='bbox 502 476 624 519; x_wconf 83' lang='lat' dir='ltr'><strong>nobis</strong></span> <span class='ocrx_word' id='word_1_38' title='bbox 639 477 816 525; x_wconf 85' lang='lat' dir='ltr'><strong>malum,</strong></span> <span class='ocrx_word' id='word_1_39' title='bbox 834 475 867 518; x_wconf 88' lang='lat' dir='ltr'><strong>si</strong></span> <span class='ocrx_word' id='word_1_40' title='bbox 888 477 1029 520; x_wconf 88' lang='lat' dir='ltr'><strong>nullus</strong></span> <span class='ocrx_word' id='word_1_41' title='bbox 1043 487 1141 537; x_wconf 89' lang='lat' dir='ltr'><strong>post</strong></span> <span class='ocrx_word' id='word_1_42' title='bbox 1153 488 1335 523; x_wconf 81' lang='lat' dir='ltr'><strong>mortem</strong></span> <span class='ocrx_word' id='word_1_43' title='bbox 1355 497 1448 524; x_wconf 84' lang='lat' dir='ltr'><strong>seu-</strong></span> 
     </span>
     <span class='ocr_line' id='line_1_6' title="bbox 63 547 1450 608; baseline 0.001 -15"><span class='ocrx_word' id='word_1_44' title='bbox 63 553 158 593; x_wconf 60' lang='lat' dir='ltr'><strong>&#39;s&#39;us</strong></span> <span class='ocrx_word' id='word_1_45' title='bbox 178 548 274 592; x_wconf 78' lang='lat' dir='ltr'><strong>est?</strong></span> <span class='ocrx_word' id='word_1_46' title='bbox 294 548 374 591; x_wconf 91' lang='lat' dir='ltr'><strong>Ubi</strong></span> <span class='ocrx_word' id='word_1_47' title='bbox 391 547 505 590; x_wconf 85' lang='lat' dir='ltr'>enim</span> <span class='ocrx_word' id='word_1_48' title='bbox 525 547 667 590; x_wconf 86' lang='lat' dir='ltr'><strong>nullus</strong></span> <span class='ocrx_word' id='word_1_49' title='bbox 682 562 845 596; x_wconf 86' lang='lat' dir='ltr'><strong>sensus,</strong></span> <span class='ocrx_word' id='word_1_50' title='bbox 865 547 1005 590; x_wconf 90' lang='lat' dir='ltr'><strong>uullus</strong></span> <span class='ocrx_word' id='word_1_51' title='bbox 1020 548 1166 607; x_wconf 84' lang='lat' dir='ltr'><strong>utique</strong></span> <span class='ocrx_word' id='word_1_52' title='bbox 1183 549 1347 608; x_wconf 83' lang='lat' dir='ltr'><strong>injuriae</strong></span> <span class='ocrx_word' id='word_1_53' title='bbox 1370 554 1450 595; x_wconf 87' lang='lat' dir='ltr'><strong>do-</strong></span> 
     </span>
     <span class='ocr_line' id='line_1_7' title="bbox 64 616 1452 678; baseline 0.001 -15"><span class='ocrx_word' id='word_1_54' title='bbox 64 619 178 670; x_wconf 74' lang='lat' dir='ltr'><strong>&#39;lor,</strong></span> <span class='ocrx_word' id='word_1_55' title='bbox 217 619 315 677; x_wconf 88' lang='lat' dir='ltr'><strong>quia</strong></span> <span class='ocrx_word' id='word_1_56' title='bbox 353 619 475 660; x_wconf 81' lang='lat' dir='ltr'><strong>dolor</strong></span> <span class='ocrx_word' id='word_1_57' title='bbox 510 632 657 660; x_wconf 86' lang='lat' dir='ltr'><strong>sensus</strong></span> <span class='ocrx_word' id='word_1_58' title='bbox 692 625 767 660; x_wconf 83' lang='lat' dir='ltr'><strong>est.</strong></span> <span class='ocrx_word' id='word_1_59' title='bbox 802 616 890 660; x_wconf 83' lang='lat' dir='ltr'><strong>Aut</strong></span> <span class='ocrx_word' id='word_1_60' title='bbox 924 618 1021 675; x_wconf 85' lang='lat' dir='ltr'><strong>quia</strong></span> <span class='ocrx_word' id='word_1_61' title='bbox 1052 627 1116 662; x_wconf 84' lang='lat' dir='ltr'><strong>est</strong></span> <span class='ocrx_word' id='word_1_62' title='bbox 1141 628 1239 678; x_wconf 85' lang='lat' dir='ltr'><strong>post</strong></span> <span class='ocrx_word' id='word_1_63' title='bbox 1268 630 1452 665; x_wconf 80' lang='lat' dir='ltr'><strong>mortem</strong></span> 
     </span>
     <span class='ocr_line' id='line_1_8' title="bbox 68 689 1455 747; baseline 0.001 -13"><span class='ocrx_word' id='word_1_64' title='bbox 68 699 253 739; x_wconf 72' lang='lat' dir='ltr'><strong>‘sensuS‚</strong></span> <span class='ocrx_word' id='word_1_65' title='bbox 276 697 340 732; x_wconf 82' lang='lat' dir='ltr'><strong>est</strong></span> <span class='ocrx_word' id='word_1_66' title='bbox 361 689 490 732; x_wconf 82' lang='lat' dir='ltr'><strong>etiam</strong></span> <span class='ocrx_word' id='word_1_67' title='bbox 505 689 588 731; x_wconf 77' lang='lat' dir='ltr'><strong>vita</strong></span> <span class='ocrx_word' id='word_1_68' title='bbox 605 695 701 747; x_wconf 83' lang='lat' dir='ltr'><strong>post</strong></span> <span class='ocrx_word' id='word_1_69' title='bbox 717 696 915 736; x_wconf 81' lang='lat' dir='ltr'><strong>mortem,</strong></span> <span class='ocrx_word' id='word_1_70' title='bbox 934 696 978 729; x_wconf 82' lang='lat' dir='ltr'><strong>et</strong></span> <span class='ocrx_word' id='word_1_71' title='bbox 997 699 1208 746; x_wconf 80' lang='lat' dir='ltr'><strong>superstes</strong></span> <span class='ocrx_word' id='word_1_72' title='bbox 1224 692 1373 734; x_wconf 76' lang='lat' dir='ltr'><strong>mortis</strong></span> <span class='ocrx_word' id='word_1_73' title='bbox 1389 701 1455 736; x_wconf 83' lang='lat' dir='ltr'><strong>cst</strong></span> 
     </span>
     <span class='ocr_line' id='line_1_9' title="bbox 65 756 1450 817; baseline 0.001 -13"><span class='ocrx_word' id='word_1_74' title='bbox 65 763 74 766; x_wconf 50' lang='lat'><strong>‘⁴</strong></span> <span class='ocrx_word' id='word_1_75' title='bbox 88 761 228 804; x_wconf 75' lang='lat' dir='ltr'>anima</span> <span class='ocrx_word' id='word_1_76' title='bbox 250 774 343 817; x_wconf 80' lang='lat' dir='ltr'><strong>qua:</strong></span> <span class='ocrx_word' id='word_1_77' title='bbox 360 774 484 805; x_wconf 84' lang='lat' dir='ltr'><strong>sensu</strong></span> <span class='ocrx_word' id='word_1_78' title='bbox 506 757 655 817; x_wconf 78' lang='lat' dir='ltr'><strong>utitur,</strong></span> <span class='ocrx_word' id='word_1_79' title='bbox 677 765 722 803; x_wconf 77' lang='lat' dir='ltr'><strong>et</strong></span> <span class='ocrx_word' id='word_1_80' title='bbox 734 758 819 800; x_wconf 82' lang='lat' dir='ltr'><strong>vita</strong></span> <span class='ocrx_word' id='word_1_81' title='bbox 839 756 1042 816; x_wconf 81' lang='lat' dir='ltr'><strong>fungitur.</strong></span> <span class='ocrx_word' id='word_1_82' title='bbox 1071 757 1181 801; x_wconf 89' lang='lat' dir='ltr'><strong>Cum</strong></span> <span class='ocrx_word' id='word_1_83' title='bbox 1201 768 1342 804; x_wconf 80' lang='lat' dir='ltr'><strong>autem</strong></span> <span class='ocrx_word' id='word_1_84' title='bbox 1359 778 1450 806; x_wconf 84' lang='lat' dir='ltr'><strong>ma-</strong></span> 
     </span>
     <span class='ocr_line' id='line_1_10' title="bbox 89 827 1455 891; baseline 0.001 -16"><span class='ocrx_word' id='word_1_85' title='bbox 89 839 164 875; x_wconf 85' lang='lat' dir='ltr'><strong>net</strong></span> <span class='ocrx_word' id='word_1_86' title='bbox 192 838 288 891; x_wconf 81' lang='lat' dir='ltr'><strong>post</strong></span> <span class='ocrx_word' id='word_1_87' title='bbox 316 838 500 872; x_wconf 79' lang='lat' dir='ltr'><strong>mortem</strong></span> <span class='ocrx_word' id='word_1_88' title='bbox 530 829 612 872; x_wconf 83' lang='lat' dir='ltr'><strong>vita</strong></span> <span class='ocrx_word' id='word_1_89' title='bbox 643 835 769 885; x_wconf 76' lang='lat' dir='ltr'><strong>atque</strong></span> <span class='ocrx_word' id='word_1_90' title='bbox 800 827 963 878; x_wconf 81' lang='lat' dir='ltr'>anima,</span> <span class='ocrx_word' id='word_1_91' title='bbox 990 837 1133 872; x_wconf 82' lang='lat' dir='ltr'><strong>manet</strong></span> <span class='ocrx_word' id='word_1_92' title='bbox 1157 830 1340 881; x_wconf 90' lang='lat' dir='ltr'><strong>bonum,</strong></span> <span class='ocrx_word' id='word_1_93' title='bbox 1373 849 1455 877; x_wconf 83' lang='lat' dir='ltr'><strong>uec</strong></span> 
     </span>
     <span class='ocr_line' id='line_1_11' title="bbox 90 897 1459 958; baseline 0.001 -13"><span class='ocrx_word' id='word_1_94' title='bbox 90 909 230 945; x_wconf 81' lang='lat' dir='ltr'><strong>morte</strong></span> <span class='ocrx_word' id='word_1_95' title='bbox 253 899 479 954; x_wconf 80' lang='lat' dir='ltr'><strong>amittitur,</strong></span> <span class='ocrx_word' id='word_1_96' title='bbox 503 899 579 941; x_wconf 85' lang='lat' dir='ltr'><strong>sed</strong></span> <span class='ocrx_word' id='word_1_97' title='bbox 599 906 778 956; x_wconf 78' lang='lat' dir='ltr'><strong>augetur</strong></span> <span class='ocrx_word' id='word_1_98' title='bbox 795 913 806 940; x_wconf 91' lang='lat'><strong>:</strong></span> <span class='ocrx_word' id='word_1_99' title='bbox 826 913 904 941; x_wconf 87' lang='lat' dir='ltr'><strong>nec</strong></span> <span class='ocrx_word' id='word_1_100' title='bbox 921 899 1008 940; x_wconf 91' lang='lat' dir='ltr'><strong>ullo</strong></span> <span class='ocrx_word' id='word_1_101' title='bbox 1023 897 1327 958; x_wconf 83' lang='lat' dir='ltr'><strong>impedimento</strong></span> <span class='ocrx_word' id='word_1_102' title='bbox 1346 918 1459 947; x_wconf 79' lang='lat' dir='ltr'><strong>mor·</strong></span> 
     </span>
     <span class='ocr_line' id='line_1_12' title="bbox 73 967 1458 1029; baseline 0 -14"><span class='ocrx_word' id='word_1_103' title='bbox 73 971 145 1019; x_wconf 75' lang='lat' dir='ltr'><strong>,tis</strong></span> <span class='ocrx_word' id='word_1_104' title='bbox 174 971 414 1013; x_wconf 72' lang='lat' dir='ltr'><strong>mim-datur</strong></span> <span class='ocrx_word' id='word_1_105' title='bbox 438 968 577 1010; x_wconf 83' lang='lat' dir='ltr'>anima</span> <span class='ocrx_word' id='word_1_106' title='bbox 601 984 612 1009; x_wconf 89' lang='lat'><strong>:</strong></span> <span class='ocrx_word' id='word_1_107' title='bbox 636 969 712 1009; x_wconf 84' lang='lat' dir='ltr'><strong>sed</strong></span> <span class='ocrx_word' id='word_1_108' title='bbox 731 975 933 1025; x_wconf 78' lang='lat' dir='ltr'><strong>operatur</strong></span> <span class='ocrx_word' id='word_1_109' title='bbox 951 967 1084 1025; x_wconf 82' lang='lat' dir='ltr'>magis</span> <span class='ocrx_word' id='word_1_110' title='bbox 1103 1001 1115 1018; x_wconf 84' lang='lat'>‚</span> <span class='ocrx_word' id='word_1_111' title='bbox 1139 970 1235 1026; x_wconf 77' lang='lat' dir='ltr'><strong>quia</strong></span> <span class='ocrx_word' id='word_1_112' title='bbox 1258 981 1458 1029; x_wconf 81' lang='lat' dir='ltr'><strong>operatur</strong></span> 
     </span>
     <span class='ocr_line' id='line_1_13' title="bbox 91 1037 1460 1100; baseline 0.001 -16"><span class='ocrx_word' id='word_1_113' title='bbox 91 1057 188 1100; x_wconf 80' lang='lat' dir='ltr'><strong>quae</strong></span> <span class='ocrx_word' id='word_1_114' title='bbox 208 1056 283 1084; x_wconf 82' lang='lat' dir='ltr'><strong>sua</strong></span> <span class='ocrx_word' id='word_1_115' title='bbox 308 1047 432 1089; x_wconf 86' lang='lat' dir='ltr'><strong>sunt,</strong></span> <span class='ocrx_word' id='word_1_116' title='bbox 465 1038 555 1082; x_wconf 86' lang='lat' dir='ltr'>sine</span> <span class='ocrx_word' id='word_1_117' title='bbox 582 1038 667 1080; x_wconf 86' lang='lat' dir='ltr'><strong>uua</strong></span> <span class='ocrx_word' id='word_1_118' title='bbox 692 1037 895 1080; x_wconf 79' lang='lat' dir='ltr'><strong>socictate</strong></span> <span class='ocrx_word' id='word_1_119' title='bbox 923 1038 1113 1095; x_wconf 84' lang='lat' dir='ltr'><strong>corporis</strong></span> <span class='ocrx_word' id='word_1_120' title='bbox 1130 1071 1141 1088; x_wconf 92' lang='lat'><strong>,</strong></span> <span class='ocrx_word' id='word_1_121' title='bbox 1166 1041 1282 1096; x_wconf 89' lang='lat' dir='ltr'><strong>quod</strong></span> <span class='ocrx_word' id='word_1_122' title='bbox 1308 1042 1460 1085; x_wconf 79' lang='lat' dir='ltr'>animae</span> 
     </span>
     <span class='ocr_line' id='line_1_14' title="bbox 91 1106 1456 1170; baseline 0 -15"><span class='ocrx_word' id='word_1_123' title='bbox 91 1111 246 1170; x_wconf 81' lang='lat' dir='ltr'><strong>majori</strong></span> <span class='ocrx_word' id='word_1_124' title='bbox 268 1110 389 1154; x_wconf 68' lang='lat' dir='ltr'><strong>oneri</strong></span> <span class='ocrx_word' id='word_1_125' title='bbox 412 1124 541 1168; x_wconf 84' lang='lat' dir='ltr'><strong>quam</strong></span> <span class='ocrx_word' id='word_1_126' title='bbox 563 1107 657 1150; x_wconf 86' lang='lat' dir='ltr'><strong>usui</strong></span> <span class='ocrx_word' id='word_1_127' title='bbox 676 1115 752 1150; x_wconf 87' lang='lat' dir='ltr'><strong>est.</strong></span> <span class='ocrx_word' id='word_1_128' title='bbox 782 1106 900 1159; x_wconf 84' lang='lat' dir='ltr'><strong>Quid</strong></span> <span class='ocrx_word' id='word_1_129' title='bbox 922 1107 1051 1166; x_wconf 81' lang='lat' dir='ltr'><strong>igitur</strong></span> <span class='ocrx_word' id='word_1_130' title='bbox 1072 1108 1173 1151; x_wconf 84' lang='lat' dir='ltr'>mali</span> <span class='ocrx_word' id='word_1_131' title='bbox 1192 1118 1256 1153; x_wconf 83' lang='lat' dir='ltr'><strong>est</strong></span> <span class='ocrx_word' id='word_1_132' title='bbox 1274 1112 1425 1155; x_wconf 85' lang='lat' dir='ltr'>animae</span> <span class='ocrx_word' id='word_1_133' title='bbox 1442 1146 1456 1163; x_wconf 88' lang='lat'><strong>‚</strong></span> 
     </span>
     <span class='ocr_line' id='line_1_15' title="bbox 94 1175 1462 1241; baseline 0.001 -16"><span class='ocrx_word' id='word_1_134' title='bbox 94 1197 187 1241; x_wconf 80' lang='lat' dir='ltr'><strong>quae</strong></span> <span class='ocrx_word' id='word_1_135' title='bbox 213 1175 443 1240; x_wconf 81' lang='lat' dir='ltr'><strong>puritatem</strong></span> <span class='ocrx_word' id='word_1_136' title='bbox 471 1194 590 1222; x_wconf 86' lang='lat' dir='ltr'><strong>suam</strong></span> <span class='ocrx_word' id='word_1_137' title='bbox 613 1177 862 1221; x_wconf 83' lang='lat' dir='ltr'><strong>custodierit</strong></span> <span class='ocrx_word' id='word_1_138' title='bbox 886 1184 929 1219; x_wconf 84' lang='lat' dir='ltr'><strong>et</strong></span> <span class='ocrx_word' id='word_1_139' title='bbox 956 1177 1160 1221; x_wconf 84' lang='lat' dir='ltr'><strong>virtutum</strong></span> <span class='ocrx_word' id='word_1_140' title='bbox 1193 1180 1462 1239; x_wconf 78' lang='lat' dir='ltr'>disciplinam</span> 
     </span>
     <span class='ocr_line' id='line_1_16' title="bbox 93 1246 1461 1300; baseline -0.001 -6"><span class='ocrx_word' id='word_1_141' title='bbox 93 1249 352 1295; x_wconf 75' lang='lat' dir='ltr'><strong>servaverit?</strong></span> <span class='ocrx_word' id='word_1_142' title='bbox 370 1249 457 1297; x_wconf 85' lang='lat' dir='ltr'><strong>Aut</strong></span> <span class='ocrx_word' id='word_1_143' title='bbox 482 1249 518 1291; x_wconf 87' lang='lat' dir='ltr'><strong>si</strong></span> <span class='ocrx_word' id='word_1_144' title='bbox 542 1263 628 1291; x_wconf 92' lang='lat' dir='ltr'><strong>nou</strong></span> <span class='ocrx_word' id='word_1_145' title='bbox 652 1246 880 1295; x_wconf 75' lang='lat' dir='ltr'><strong>servaverit</strong></span> <span class='ocrx_word' id='word_1_146' title='bbox 894 1278 906 1295; x_wconf 91' lang='lat'><em>,</em></span> <span class='ocrx_word' id='word_1_147' title='bbox 928 1261 1014 1288; x_wconf 88' lang='lat' dir='ltr'><strong>non</strong></span> <span class='ocrx_word' id='word_1_148' title='bbox 1030 1262 1146 1290; x_wconf 86' lang='lat' dir='ltr'><strong>mors</strong></span> <span class='ocrx_word' id='word_1_149' title='bbox 1166 1250 1327 1293; x_wconf 85' lang='lat' dir='ltr'><strong>malum</strong></span> <span class='ocrx_word' id='word_1_150' title='bbox 1342 1284 1354 1300; x_wconf 88' lang='lat'><em>,</em></span> <span class='ocrx_word' id='word_1_151' title='bbox 1383 1254 1461 1297; x_wconf 74' lang='lat' dir='ltr'><strong>sed</strong></span> 
     </span>
     <span class='ocr_line' id='line_1_17' title="bbox 92 1316 1461 1379; baseline 0.004 -19"><span class='ocrx_word' id='word_1_152' title='bbox 92 1320 203 1371; x_wconf 76' lang='lat' dir='ltr'>vita3</span> <span class='ocrx_word' id='word_1_153' title='bbox 231 1321 327 1379; x_wconf 85' lang='lat' dir='ltr'><strong>quia</strong></span> <span class='ocrx_word' id='word_1_154' title='bbox 345 1320 431 1362; x_wconf 79' lang='lat' dir='ltr'><strong>vita</strong></span> <span class='ocrx_word' id='word_1_155' title='bbox 452 1333 539 1361; x_wconf 91' lang='lat' dir='ltr'><strong>nou</strong></span> <span class='ocrx_word' id='word_1_156' title='bbox 559 1316 651 1359; x_wconf 84' lang='lat' dir='ltr'><strong>suit.</strong></span> <span class='ocrx_word' id='word_1_157' title='bbox 678 1317 784 1368; x_wconf 81' lang='lat' dir='ltr'><strong>Quae</strong></span> <span class='ocrx_word' id='word_1_158' title='bbox 800 1324 865 1358; x_wconf 85' lang='lat' dir='ltr'><strong>est</strong></span> <span class='ocrx_word' id='word_1_159' title='bbox 880 1316 996 1358; x_wconf 82' lang='lat' dir='ltr'>enim</span> <span class='ocrx_word' id='word_1_160' title='bbox 1018 1317 1102 1359; x_wconf 75' lang='lat' dir='ltr'><strong>vita</strong></span> <span class='ocrx_word' id='word_1_161' title='bbox 1123 1318 1234 1362; x_wconf 82' lang='lat' dir='ltr'>vitiis</span> <span class='ocrx_word' id='word_1_162' title='bbox 1254 1323 1461 1379; x_wconf 79' lang='lat' dir='ltr'><strong>peccatis-</strong></span> 
     </span>
     <span class='ocr_line' id='line_1_18' title="bbox 93 1386 1462 1450; baseline 0.001 -16"><span class='ocrx_word' id='word_1_163' title='bbox 93 1406 178 1450; x_wconf 80' lang='lat' dir='ltr'><strong>que</strong></span> <span class='ocrx_word' id='word_1_164' title='bbox 188 1389 356 1434; x_wconf 80' lang='lat' dir='ltr'><strong>obsita?</strong></span> <span class='ocrx_word' id='word_1_165' title='bbox 376 1388 492 1442; x_wconf 87' lang='lat' dir='ltr'><strong>Quid</strong></span> <span class='ocrx_word' id='word_1_166' title='bbox 507 1387 635 1446; x_wconf 79' lang='lat' dir='ltr'><strong>igitur</strong></span> <span class='ocrx_word' id='word_1_167' title='bbox 656 1400 907 1429; x_wconf 84' lang='lat' dir='ltr'><strong>accusamus</strong></span> <span class='ocrx_word' id='word_1_168' title='bbox 921 1386 1133 1444; x_wconf 53' lang='lat' dir='ltr'><strong>moi-tems,</strong></span> <span class='ocrx_word' id='word_1_169' title='bbox 1156 1403 1250 1446; x_wconf 86' lang='lat' dir='ltr'><strong>quae</strong></span> <span class='ocrx_word' id='word_1_170' title='bbox 1267 1399 1339 1433; x_wconf 82' lang='lat' dir='ltr'><strong>aut</strong></span> <span class='ocrx_word' id='word_1_171' title='bbox 1363 1392 1462 1436; x_wconf 76' lang='lat' dir='ltr'><strong>vitae</strong></span> 
     </span>
     <span class='ocr_line' id='line_1_19' title="bbox 94 1456 1460 1522; baseline 0.002 -19"><span class='ocrx_word' id='word_1_172' title='bbox 94 1461 282 1522; x_wconf 75' lang='lat' dir='ltr'><strong>pretium</strong></span> <span class='ocrx_word' id='word_1_173' title='bbox 302 1459 407 1508; x_wconf 82' lang='lat' dir='ltr'><strong>luit,</strong></span> <span class='ocrx_word' id='word_1_174' title='bbox 437 1465 510 1516; x_wconf 76' lang='lat' dir='ltr'><strong>aut</strong></span> <span class='ocrx_word' id='word_1_175' title='bbox 534 1457 676 1500; x_wconf 80' lang='lat' dir='ltr'><strong>abolet</strong></span> <span class='ocrx_word' id='word_1_176' title='bbox 698 1456 791 1513; x_wconf 84' lang='lat' dir='ltr'><strong>ejus</strong></span> <span class='ocrx_word' id='word_1_177' title='bbox 814 1456 1004 1498; x_wconf 81' lang='lat' dir='ltr'><strong>dolorem</strong></span> <span class='ocrx_word' id='word_1_178' title='bbox 1030 1464 1158 1514; x_wconf 80' lang='lat' dir='ltr'><strong>atque</strong></span> <span class='ocrx_word' id='word_1_179' title='bbox 1190 1461 1460 1506; x_wconf 73' lang='lat' dir='ltr'><strong>cruciatum?</strong></span> 
     </span>
     <span class='ocr_line' id='line_1_20' title="bbox 94 1525 1460 1590; baseline 0.001 -16"><span class='ocrx_word' id='word_1_180' title='bbox 94 1531 246 1588; x_wconf 80' lang='lat' dir='ltr'><strong>Itaque</strong></span> <span class='ocrx_word' id='word_1_181' title='bbox 266 1543 380 1574; x_wconf 86' lang='lat' dir='ltr'><strong>mors</strong></span> <span class='ocrx_word' id='word_1_182' title='bbox 404 1535 475 1571; x_wconf 81' lang='lat' dir='ltr'><strong>aut</strong></span> <span class='ocrx_word' id='word_1_183' title='bbox 497 1542 582 1571; x_wconf 82' lang='lat' dir='ltr'><strong>suae</strong></span> <span class='ocrx_word' id='word_1_184' title='bbox 601 1525 755 1590; x_wconf 81' lang='lat' dir='ltr'><strong>quietis</strong></span> <span class='ocrx_word' id='word_1_185' title='bbox 777 1525 892 1569; x_wconf 88' lang='lat' dir='ltr'><strong>bono</strong></span> <span class='ocrx_word' id='word_1_186' title='bbox 910 1526 1070 1577; x_wconf 77' lang='lat' dir='ltr'><strong>utitur,</strong></span> <span class='ocrx_word' id='word_1_187' title='bbox 1094 1536 1168 1572; x_wconf 80' lang='lat' dir='ltr'><strong>aut</strong></span> <span class='ocrx_word' id='word_1_188' title='bbox 1188 1530 1300 1574; x_wconf 84' lang='lat' dir='ltr'><strong>malo</strong></span> <span class='ocrx_word' id='word_1_189' title='bbox 1321 1532 1460 1577; x_wconf 85' lang='lat' dir='ltr'><strong>alieno</strong></span> 
     </span>
     <span class='ocr_line' id='line_1_21' title="bbox 93 1601 275 1644; baseline -0.005 0"><span class='ocrx_word' id='word_1_190' title='bbox 93 1601 275 1644; x_wconf 77' lang='lat' dir='ltr'><strong>laborat.</strong></span> 
     </span>
    </p>

    <p class='ocr_par' dir='ltr' id='par_1_3' title="bbox 98 1667 1473 2367">
     <span class='ocr_line' id='line_1_22' title="bbox 156 1667 1461 1727; baseline 0.002 -12"><span class='ocrx_word' id='word_1_191' title='bbox 156 1669 271 1716; x_wconf 90' lang='lat' dir='ltr'>XIV.</span> <span class='ocrx_word' id='word_1_192' title='bbox 308 1669 433 1714; x_wconf 87' lang='lat' dir='ltr'><strong>Nunc</strong></span> <span class='ocrx_word' id='word_1_193' title='bbox 451 1668 557 1712; x_wconf 85' lang='lat' dir='ltr'><strong>illud</strong></span> <span class='ocrx_word' id='word_1_194' title='bbox 571 1675 718 1727; x_wconf 78' lang='lat' dir='ltr'><strong>specta</strong></span> <span class='ocrx_word' id='word_1_195' title='bbox 735 1683 746 1709; x_wconf 72' lang='grc' dir='ltr'>ε</span> <span class='ocrx_word' id='word_1_196' title='bbox 765 1667 800 1710; x_wconf 81' lang='lat' dir='ltr'><strong>si</strong></span> <span class='ocrx_word' id='word_1_197' title='bbox 812 1667 895 1710; x_wconf 78' lang='lat' dir='ltr'><strong>vita</strong></span> <span class='ocrx_word' id='word_1_198' title='bbox 907 1667 1044 1718; x_wconf 80' lang='lat' dir='ltr'><strong>oneri,</strong></span> <span class='ocrx_word' id='word_1_199' title='bbox 1055 1684 1171 1714; x_wconf 80' lang='lat' dir='ltr'><strong>mors</strong></span> <span class='ocrx_word' id='word_1_200' title='bbox 1182 1671 1461 1719; x_wconf 83' lang='lat' dir='ltr'><strong>absolutioni:</strong></span> 
     </span>
     <span class='ocr_line' id='line_1_23' title="bbox 98 1737 1469 1803; baseline 0.001 -18"><span class='ocrx_word' id='word_1_201' title='bbox 98 1740 250 1787; x_wconf 30' lang='lat' dir='ltr'><strong>sitvita</strong></span> <span class='ocrx_word' id='word_1_202' title='bbox 279 1739 514 1799; x_wconf 86' lang='lat' dir='ltr'><strong>supplicio,</strong></span> <span class='ocrx_word' id='word_1_203' title='bbox 557 1753 672 1781; x_wconf 83' lang='lat' dir='ltr'><strong>mors</strong></span> <span class='ocrx_word' id='word_1_204' title='bbox 703 1737 924 1781; x_wconf 80' lang='lat' dir='ltr'><strong>remedio:</strong></span> <span class='ocrx_word' id='word_1_205' title='bbox 944 1746 1019 1782; x_wconf 81' lang='lat' dir='ltr'><strong>aut</strong></span> <span class='ocrx_word' id='word_1_206' title='bbox 1058 1739 1095 1782; x_wconf 83' lang='lat' dir='ltr'><strong>si</strong></span> <span class='ocrx_word' id='word_1_207' title='bbox 1131 1740 1339 1797; x_wconf 85' lang='lat' dir='ltr'><strong>judicium</strong></span> <span class='ocrx_word' id='word_1_208' title='bbox 1371 1754 1469 1803; x_wconf 82' lang='lat' dir='ltr'><strong>post</strong></span> 
     </span>
     <span class='ocr_line' id='line_1_24' title="bbox 99 1808 1469 1874; baseline 0.003 -18"><span class='ocrx_word' id='word_1_209' title='bbox 99 1819 300 1862; x_wconf 80' lang='lat' dir='ltr'><strong>mortem,</strong></span> <span class='ocrx_word' id='word_1_210' title='bbox 324 1810 452 1853; x_wconf 84' lang='lat' dir='ltr'><strong>etiam</strong></span> <span class='ocrx_word' id='word_1_211' title='bbox 472 1810 558 1854; x_wconf 76' lang='lat' dir='ltr'><strong>vita</strong></span> <span class='ocrx_word' id='word_1_212' title='bbox 582 1815 678 1868; x_wconf 83' lang='lat' dir='ltr'><strong>post</strong></span> <span class='ocrx_word' id='word_1_213' title='bbox 702 1818 900 1874; x_wconf 71' lang='lat' dir='ltr'><strong>mortem.</strong></span> <span class='ocrx_word' id='word_1_214' title='bbox 928 1808 1026 1854; x_wconf 81' lang='lat' dir='ltr'><strong>Vita</strong></span> <span class='ocrx_word' id='word_1_215' title='bbox 1048 1810 1177 1870; x_wconf 81' lang='lat' dir='ltr'><strong>igitur</strong></span> <span class='ocrx_word' id='word_1_216' title='bbox 1198 1812 1269 1857; x_wconf 83' lang='lat' dir='ltr'><strong>hic</strong></span> <span class='ocrx_word' id='word_1_217' title='bbox 1296 1830 1381 1858; x_wconf 90' lang='lat' dir='ltr'><strong>uon</strong></span> <span class='ocrx_word' id='word_1_218' title='bbox 1403 1810 1469 1860; x_wconf 78' lang='lat' dir='ltr'><strong>ost</strong></span> 
     </span>
     <span class='ocr_line' id='line_1_25' title="bbox 99 1881 1468 1940; baseline 0.003 -12"><span class='ocrx_word' id='word_1_219' title='bbox 99 1885 242 1929; x_wconf 78' lang='lat' dir='ltr'><strong>bona:</strong></span> <span class='ocrx_word' id='word_1_220' title='bbox 262 1891 334 1926; x_wconf 84' lang='lat' dir='ltr'><strong>aut</strong></span> <span class='ocrx_word' id='word_1_221' title='bbox 362 1882 398 1926; x_wconf 86' lang='lat' dir='ltr'><strong>si</strong></span> <span class='ocrx_word' id='word_1_222' title='bbox 426 1881 499 1926; x_wconf 88' lang='lat' dir='ltr'><strong>hic</strong></span> <span class='ocrx_word' id='word_1_223' title='bbox 526 1881 612 1924; x_wconf 84' lang='lat' dir='ltr'><strong>vita</strong></span> <span class='ocrx_word' id='word_1_224' title='bbox 635 1881 778 1932; x_wconf 85' lang='lat' dir='ltr'><strong>bona,</strong></span> <span class='ocrx_word' id='word_1_225' title='bbox 801 1883 1018 1940; x_wconf 85' lang='lat' dir='ltr'><strong>quomodo</strong></span> <span class='ocrx_word' id='word_1_226' title='bbox 1043 1897 1160 1926; x_wconf 84' lang='lat' dir='ltr'><strong>mors</strong></span> <span class='ocrx_word' id='word_1_227' title='bbox 1184 1884 1271 1928; x_wconf 86' lang='lat' dir='ltr'>illic</span> <span class='ocrx_word' id='word_1_228' title='bbox 1295 1901 1381 1929; x_wconf 88' lang='lat' dir='ltr'><strong>uon</strong></span> <span class='ocrx_word' id='word_1_229' title='bbox 1402 1897 1468 1933; x_wconf 81' lang='lat' dir='ltr'><strong>est</strong></span> 
     </span>
     <span class='ocr_line' id='line_1_26' title="bbox 98 1951 1471 2010; baseline 0.001 -12"><span class='ocrx_word' id='word_1_230' title='bbox 98 1954 231 2004; x_wconf 75' lang='lat' dir='ltr'><strong>bona,</strong></span> <span class='ocrx_word' id='word_1_231' title='bbox 250 1968 350 1997; x_wconf 89' lang='lat' dir='ltr'><strong>cum</strong></span> <span class='ocrx_word' id='word_1_232' title='bbox 369 1952 430 1996; x_wconf 90' lang='lat' dir='ltr'><strong>ibi</strong></span> <span class='ocrx_word' id='word_1_233' title='bbox 451 1952 591 1995; x_wconf 84' lang='lat' dir='ltr'><strong>nullus</strong></span> <span class='ocrx_word' id='word_1_234' title='bbox 606 1951 790 2010; x_wconf 80' lang='lat' dir='ltr'><strong>supersit</strong></span> <span class='ocrx_word' id='word_1_235' title='bbox 810 1951 1011 1995; x_wconf 81' lang='lat' dir='ltr'>terribilis</span> <span class='ocrx_word' id='word_1_236' title='bbox 1030 1952 1180 2010; x_wconf 86' lang='lat' dir='ltr'><strong>judicii</strong></span> <span class='ocrx_word' id='word_1_237' title='bbox 1193 1955 1365 1999; x_wconf 81' lang='lat' dir='ltr'><strong>metus?</strong></span> <span class='ocrx_word' id='word_1_238' title='bbox 1382 1957 1471 2004; x_wconf 80' lang='lat' dir='ltr'><strong>Sed</strong></span> 
     </span>
     <span class='ocr_line' id='line_1_27' title="bbox 101 2020 1472 2085; baseline 0.002 -16"><span class='ocrx_word' id='word_1_239' title='bbox 101 2025 193 2085; x_wconf 79' lang='lat' dir='ltr'>ipsa</span> <span class='ocrx_word' id='word_1_240' title='bbox 212 2023 284 2069; x_wconf 89' lang='lat' dir='ltr'><strong>hic</strong></span> <span class='ocrx_word' id='word_1_241' title='bbox 303 2023 390 2067; x_wconf 80' lang='lat' dir='ltr'><strong>vita</strong></span> <span class='ocrx_word' id='word_1_242' title='bbox 412 2022 527 2067; x_wconf 83' lang='lat' dir='ltr'><strong>bona</strong></span> <span class='ocrx_word' id='word_1_243' title='bbox 549 2022 584 2064; x_wconf 84' lang='lat' dir='ltr'><strong>si</strong></span> <span class='ocrx_word' id='word_1_244' title='bbox 604 2028 693 2071; x_wconf 79' lang='lat' dir='ltr'><strong>est,</strong></span> <span class='ocrx_word' id='word_1_245' title='bbox 724 2020 879 2079; x_wconf 85' lang='lat' dir='ltr'><strong>quibus</strong></span> <span class='ocrx_word' id='word_1_246' title='bbox 899 2021 1029 2065; x_wconf 68' lang='lat' dir='ltr'><strong>nebus</strong></span> <span class='ocrx_word' id='word_1_247' title='bbox 1049 2022 1164 2066; x_wconf 77' lang='lat' dir='ltr'><strong>hona</strong></span> <span class='ocrx_word' id='word_1_248' title='bbox 1187 2025 1278 2068; x_wconf 77' lang='lat' dir='ltr'><strong>cst?</strong></span> <span class='ocrx_word' id='word_1_249' title='bbox 1303 2025 1472 2073; x_wconf 80' lang='lat' dir='ltr'><strong>Virtute</strong></span> 
     </span>
     <span class='ocr_line' id='line_1_28' title="bbox 103 2090 1470 2153; baseline 0.003 -15"><span class='ocrx_word' id='word_1_250' title='bbox 103 2095 277 2152; x_wconf 78' lang='lat' dir='ltr'><strong>utique,</strong></span> <span class='ocrx_word' id='word_1_251' title='bbox 300 2101 343 2136; x_wconf 83' lang='lat' dir='ltr'><strong>et</strong></span> <span class='ocrx_word' id='word_1_252' title='bbox 365 2091 490 2135; x_wconf 83' lang='lat' dir='ltr'><strong>bouis</strong></span> <span class='ocrx_word' id='word_1_253' title='bbox 517 2091 722 2135; x_wconf 78' lang='lat' dir='ltr'><strong>moribus.</strong></span> <span class='ocrx_word' id='word_1_254' title='bbox 750 2090 846 2135; x_wconf 87' lang='lat' dir='ltr'><strong>Non</strong></span> <span class='ocrx_word' id='word_1_255' title='bbox 869 2096 971 2153; x_wconf 78' lang='lat' dir='ltr'><strong>ergo</strong></span> <span class='ocrx_word' id='word_1_256' title='bbox 995 2093 1234 2137; x_wconf 86' lang='lat' dir='ltr'><strong>secuudum</strong></span> <span class='ocrx_word' id='word_1_257' title='bbox 1254 2095 1404 2140; x_wconf 82' lang='lat' dir='ltr'>animae</span> <span class='ocrx_word' id='word_1_258' title='bbox 1424 2107 1470 2143; x_wconf 79' lang='lat' dir='ltr'><strong>et</strong></span> 
     </span>
     <span class='ocr_line' id='line_1_29' title="bbox 102 2161 1473 2225; baseline 0.003 -18"><span class='ocrx_word' id='word_1_259' title='bbox 102 2163 296 2224; x_wconf 66' lang='lat' dir='ltr'><strong>coz-poris</strong></span> <span class='ocrx_word' id='word_1_260' title='bbox 326 2163 523 2222; x_wconf 72' lang='lat' dir='ltr'><strong>copulam</strong></span> <span class='ocrx_word' id='word_1_261' title='bbox 543 2161 656 2206; x_wconf 80' lang='lat' dir='ltr'><strong>hona</strong></span> <span class='ocrx_word' id='word_1_262' title='bbox 680 2169 771 2205; x_wconf 80' lang='lat' dir='ltr'><strong>est:</strong></span> <span class='ocrx_word' id='word_1_263' title='bbox 799 2163 876 2205; x_wconf 73' lang='lat' dir='ltr'><strong>sed</strong></span> <span class='ocrx_word' id='word_1_264' title='bbox 895 2161 995 2220; x_wconf 73' lang='lat' dir='ltr'><strong>quia</strong></span> <span class='ocrx_word' id='word_1_265' title='bbox 1025 2178 1102 2221; x_wconf 81' lang='lat' dir='ltr'><strong>per</strong></span> <span class='ocrx_word' id='word_1_266' title='bbox 1130 2163 1329 2208; x_wconf 80' lang='lat' dir='ltr'><strong>virtutem</strong></span> <span class='ocrx_word' id='word_1_267' title='bbox 1356 2170 1473 2225; x_wconf 86' lang='lat' dir='ltr'><strong>quod</strong></span> 
     </span>
     <span class='ocr_line' id='line_1_30' title="bbox 104 2231 1469 2295; baseline 0.001 -17"><span class='ocrx_word' id='word_1_268' title='bbox 104 2235 270 2294; x_wconf 79' lang='lat' dir='ltr'><strong>malum</strong></span> <span class='ocrx_word' id='word_1_269' title='bbox 292 2241 359 2277; x_wconf 80' lang='lat' dir='ltr'><strong>est</strong></span> <span class='ocrx_word' id='word_1_270' title='bbox 382 2231 698 2295; x_wconf 54' lang='lat' dir='ltr'><strong>suumssfepellit</strong></span> <span class='ocrx_word' id='word_1_271' title='bbox 709 2249 723 2284; x_wconf 71' lang='grc' dir='ltr'><strong><em>ς</em></strong></span> <span class='ocrx_word' id='word_1_272' title='bbox 740 2233 859 2290; x_wconf 76' lang='lat' dir='ltr'><strong>quod</strong></span> <span class='ocrx_word' id='word_1_273' title='bbox 873 2240 1017 2276; x_wconf 84' lang='lat' dir='ltr'><strong>autem</strong></span> <span class='ocrx_word' id='word_1_274' title='bbox 1029 2231 1192 2279; x_wconf 81' lang='lat' dir='ltr'><strong>bonum</strong></span> <span class='ocrx_word' id='word_1_275' title='bbox 1212 2245 1277 2279; x_wconf 82' lang='lat' dir='ltr'><strong>est</strong></span> <span class='ocrx_word' id='word_1_276' title='bbox 1296 2238 1469 2290; x_wconf 85' lang='lat' dir='ltr'><strong>mortis,</strong></span> 
     </span>
     <span class='ocr_line' id='line_1_31' title="bbox 106 2297 1471 2367; baseline 0.004 -18"><span class='ocrx_word' id='word_1_277' title='bbox 106 2303 355 2364; x_wconf 74' lang='lat' dir='ltr'><strong>adipiscitur</strong></span> <span class='ocrx_word' id='word_1_278' title='bbox 365 2320 379 2354; x_wconf 69' lang='grc' dir='ltr'><strong><em>ς</em></strong></span> <span class='ocrx_word' id='word_1_279' title='bbox 406 2310 454 2347; x_wconf 80' lang='lat' dir='ltr'><strong>ut</strong></span> <span class='ocrx_word' id='word_1_280' title='bbox 466 2297 752 2364; x_wconf 70' lang='lat' dir='ltr'><strong>&#39;quodanImae</strong></span> <span class='ocrx_word' id='word_1_281' title='bbox 766 2311 848 2354; x_wconf 82' lang='lat' dir='ltr'><strong>est,</strong></span> <span class='ocrx_word' id='word_1_282' title='bbox 865 2303 1000 2366; x_wconf 80' lang='lat' dir='ltr'>magis</span> <span class='ocrx_word' id='word_1_283' title='bbox 1015 2319 1144 2367; x_wconf 77' lang='lat' dir='ltr'>qnam</span> <span class='ocrx_word' id='word_1_284' title='bbox 1169 2304 1215 2348; x_wconf 86' lang='lat' dir='ltr'><strong>id</strong></span> <span class='ocrx_word' id='word_1_285' title='bbox 1234 2302 1349 2366; x_wconf 87' lang='lat' dir='ltr'><strong>quod</strong></span> <span class='ocrx_word' id='word_1_286' title='bbox 1365 2322 1471 2354; x_wconf 66' lang='lat' dir='ltr'><strong>con-‘</strong></span> 
     </span>
    </p>

    <p class='ocr_par' dir='ltr' id='par_1_4' title="bbox 43 2367 1471 2582">
     <span class='ocr_line' id='line_1_32' title="bbox 43 2367 1471 2440; baseline 0.004 -21"><span class='ocrx_word' id='word_1_287' title='bbox 43 2390 46 2393; x_wconf 91' lang='lat'>·</span> <span class='ocrx_word' id='word_1_288' title='bbox 102 2374 296 2419; x_wconf 68' lang='lat' dir='ltr'><strong>tuber-nii</strong></span> <span class='ocrx_word' id='word_1_289' title='bbox 308 2367 688 2439; x_wconf 23' lang='lat' dir='ltr'><strong>‘etconjunqtifonis</strong></span> <span class='ocrx_word' id='word_1_290' title='bbox 704 2371 920 2438; x_wconf 62' lang='lat' dir='ltr'><strong>epotetur.</strong></span> <span class='ocrx_word' id='word_1_291' title='bbox 940 2367 1068 2434; x_wconf 78' lang='lat' dir='ltr'><strong>Quod</strong></span> <span class='ocrx_word' id='word_1_292' title='bbox 1078 2374 1114 2418; x_wconf 87' lang='lat' dir='ltr'><strong>si</strong></span> <span class='ocrx_word' id='word_1_293' title='bbox 1127 2375 1357 2431; x_wconf 49' lang='lat' dir='ltr'><strong>vitoboua,</strong></span> <span class='ocrx_word' id='word_1_294' title='bbox 1376 2396 1471 2440; x_wconf 78' lang='lat' dir='ltr'><strong>quae</strong></span> 
     </span>
     <span class='ocr_line' id='line_1_33' title="bbox 107 2444 1471 2507; baseline 0.005 -19"><span class='ocrx_word' id='word_1_295' title='bbox 107 2445 262 2505; x_wconf 71' lang='lat' dir='ltr'>anima</span> <span class='ocrx_word' id='word_1_296' title='bbox 282 2460 327 2490; x_wconf 79' lang='lat' dir='ltr'><strong>se</strong></span> <span class='ocrx_word' id='word_1_297' title='bbox 348 2448 377 2488; x_wconf 73' lang='grc' dir='ltr'><strong>εί</strong></span> <span class='ocrx_word' id='word_1_298' title='bbox 398 2444 580 2506; x_wconf 64' lang='grc' dir='ltr'><strong>οοίῬᾳέο</strong></span> <span class='ocrx_word' id='word_1_299' title='bbox 598 2444 831 2507; x_wconf 77' lang='lat' dir='ltr'><strong>separantis</strong></span> <span class='ocrx_word' id='word_1_300' title='bbox 855 2445 1195 2505; x_wconf 60' lang='lat' dir='ltr'><strong>estspeculum„</strong></span> <span class='ocrx_word' id='word_1_301' title='bbox 1209 2456 1253 2494; x_wconf 78' lang='lat' dir='ltr'><strong>et</strong></span> <span class='ocrx_word' id='word_1_302' title='bbox 1272 2448 1309 2501; x_wconf 59' lang='lat' dir='ltr'><strong>si</strong></span> <span class='ocrx_word' id='word_1_303' title='bbox 1331 2449 1471 2497; x_wconf 83' lang='lat' dir='ltr'>anima</span> 
     </span>
     <span class='ocr_line' id='line_1_34' title="bbox 154 2533 420 2582; baseline -0.004 -11"><span class='ocrx_word' id='word_1_304' title='bbox 154 2538 168 2560; x_wconf 77' lang='lat'>¹</span> <span class='ocrx_word' id='word_1_305' title='bbox 185 2533 308 2582; x_wconf 73' lang='lat' dir='ltr'><strong>Philip.</strong></span> <span class='ocrx_word' id='word_1_306' title='bbox 326 2547 350 2577; x_wconf 89' lang='grc' dir='ltr'><strong>ι,</strong></span> <span class='ocrx_word' id='word_1_307' title='bbox 365 2544 420 2570; x_wconf 76' lang='lat'><strong>21.</strong></span> 
     </span>
    </p>
   </div>
  </div>
 </body>
</html>
