1780 3120
344 188 400 240 48
891 194 920 222 s.
961 192 1151 221 Amanosu

339 294 414 322 nes
432 277 575 319 dicens
593 275 645 316 de
656 272 838 316 Domino
854 270 954 313 Jesu
975 285 984 312 t
1002 288 1018 308 α
1034 271 1126 328 Ipse
1143 284 1215 311 vos
1236 268 1466 327 baptizabit
1482 268 1524 310 in
1542 268 1708 327 Spiritu

339 356 411 390 »et
446 344 581 404 igne¹.
614 343 792 388 »Merito
820 341 886 383 uri
916 355 1037 382 renes
1069 355 1166 382 suos
1192 340 1362 382 volebat
1391 346 1434 380 et
1465 353 1540 381 cor
1575 355 1707 383 suum

337 416 485 463 David,
504 414 600 471 quia
623 413 707 456 alas
725 411 865 470 igneas
881 408 1097 453 charitatis
1116 408 1276 450 sciebat
1294 422 1379 450 non
1397 423 1487 451 esse
1502 416 1703 452 metuen-

340 488 424 529 das.
446 483 595 528 Merito
612 482 777 524 Hebraei
794 480 913 539 pueri
932 480 973 521 in
992 478 1163 521 fornace
1180 478 1344 521 ardenti
1361 494 1447 521 non
1464 479 1706 522 sentiebant

338 555 444 613 ignis
465 553 656 596 incendia
671 584 681 601 2
705 551 801 609 quia
821 550 1034 593 charitatis
1056 565 1127 592 eos
1145 549 1315 592 flamma
1334 549 1626 608 refrigerabat.
1647 549 1705 593 Et

338 634 386 668 ut
406 625 569 683 plenius
590 635 894 679 cognoscamus
918 620 1015 678 quia
1042 621 1126 662 alas
1148 619 1332 662 habebat
1352 619 1541 678 perfecta
1565 619 1704 663 chari·

341 707 423 746 tas,
448 694 597 738 audisti
623 693 852 735 Dominum
880 691 1090 733 dicentem
1117 705 1159 732 :«
1182 690 1362 743 Quoties
1381 690 1495 733 volui
1527 706 1704 749 congre-

341 782 469 824 ngare
494 764 600 808 filios
631 771 726 805 tuos
756 761 864 803 sicut
885 760 1036 818 gallina
1069 769 1298 819 congregat
1325 748 1463 819 pullds
1493 776 1591 804 suos
1616 762 1702 804 sub

340 855 357 876 »
372 837 455 878 alas
478 833 630 876 suas2?
654 850 670 872 n

394 903 626 947 LXXVIII.
654 891 878 945 Sumamus
899 901 1027 960 igitur
1046 901 1120 944 has
1141 903 1242 951 alas,
1265 917 1358 960 quae
1381 902 1495 946 sicut
1517 902 1704 948 flammae

338 977 390 1018 ad
419 973 633 1032 superiora
660 973 853 1030 dirigant.
887 972 1023 1015 Exuat
1046 973 1336 1030 unusquisque
1361 973 1543 1017 animam
1581 990 1702 1018 suam

338 1044 564 1089 involucris
594 1043 922 1092 sordidioribus,
958 1050 1001 1085 et
1036 1043 1153 1100 quasi
1185 1059 1334 1086 aurum
1367 1045 1464 1102 igne
1492 1046 1703 1105 approbet

342 1117 549 1159 detersam
571 1115 674 1155 luto.
696 1111 765 1155 Sic
787 1113 899 1155 enim
918 1122 1125 1171 purgatur
1142 1114 1277 1156 anima
1292 1148 1303 1165 ‚
1326 1116 1442 1158 velut
1458 1128 1608 1159 aurum
1632 1131 1705 1176 op·

339 1188 503 1230 timum.
530 1183 807 1226 Pulchritudo
829 1191 969 1225 autem
990 1183 1138 1225 animae
1161 1184 1320 1227 sincera
1337 1185 1490 1236 virtus,
1511 1194 1551 1229 et
1570 1187 1703 1231 decus

338 1256 476 1300 verior
492 1252 674 1310 cognitio
697 1267 1001 1310 supernorum:
1021 1261 1068 1295 ut
1089 1254 1228 1297 videat
1246 1255 1350 1298 illud
1366 1256 1526 1299 honum
1548 1273 1599 1300 ex
1616 1273 1706 1316 quo

335 1325 521 1385 pendent
549 1322 712 1371 omnia,
749 1322 886 1380 ipsum
918 1332 1059 1366 autem
1093 1340 1145 1367 ex
1173 1327 1301 1368 nullo.
1331 1326 1391 1368 Eo
1418 1326 1547 1385 igitur
1567 1327 1698 1378 vivit,

338 1405 462 1453 atque
482 1394 744 1436 intellectum
763 1393 931 1451 accipit.
958 1395 1062 1437 Vitae
1085 1396 1199 1438 enim
1219 1397 1311 1440 fons
1339 1405 1403 1441 est
1425 1414 1640 1442 summum
1656 1399 1706 1443 il-

336 1468 410 1510 lud
435 1466 617 1512 bonum,
648 1463 770 1520 cujus
795 1464 976 1506 charitas
1005 1466 1126 1507 nobis
1149 1475 1191 1509 et
1217 1468 1473 1511 desiderium
1501 1468 1702 1513 accendi-

337 1545 420 1584 tur,
446 1533 515 1576 cui
545 1533 882 1591 appropinquare
908 1542 951 1576 et
979 1535 1148 1578 misceri
1180 1538 1374 1596 voluptas
1396 1547 1460 1582 est
1485 1554 1496 1582 ε
1519 1541 1636 1598 quod
1661 1540 1705 1583 ei

338 1607 408 1665 qui
429 1620 514 1647 non
536 1603 675 1652 videt,
701 1603 910 1645 desiderio
931 1612 1020 1653 est,
1045 1613 1087 1647 et
1107 1606 1145 1648 ei
1166 1607 1238 1664 qui
1260 1608 1400 1658 videt,
1426 1610 1556 1659 inest;
1581 1610 1702 1654 idco·

339 1691 421 1733 qne
440 1673 634 1716 universa
652 1673 730 1715 alia
748 1672 944 1731 despicit,
959 1673 1040 1735 hoc
1057 1690 1143 1717 uno
1160 1678 1374 1720 mulcetur
1391 1686 1432 1721 et
1447 1678 1695 1740 delectatur.

336 1747 427 1789 Hoc
453 1751 516 1786 est
538 1743 651 1800 quod
673 1743 963 1785 subministrat
990 1743 1197 1788 univorsis
1218 1747 1495 1791 substantiam
1523 1764 1532 1792 τ
1559 1749 1700 1808 ipsum

340 1823 480 1858 autem
503 1813 544 1855 in
567 1812 790 1870 semetipso
810 1827 986 1856 manens
1003 1815 1074 1856 dat
1096 1815 1184 1858 aliis
1199 1848 1211 1866 ,
1229 1817 1335 1860 nihil
1361 1827 1501 1862 autem
1524 1819 1566 1862 in
1587 1837 1631 1864 se
1648 1837 1701 1865 ex

341 1885 429 1927 aliis
450 1882 635 1940 suscipit.
662 1883 725 1925 De
745 1898 829 1940 quo
850 1883 1059 1941 Propheta
1089 1885 1145 1928 ait
1164 1902 1173 1927 :
1191 1905 1206 1925 ιι
1227 1887 1320 1930 Dixi
1341 1888 1524 1933 Domino
1550 1907 1560 1933 :
1583 1881 1698 1936 Dens

338 1973 353 1993 »
366 1969 484 1996 meus
499 1967 543 1994 es
560 1959 603 1994 tu
617 1984 627 2000 ‚
647 1951 847 2008 quoniam
868 1952 1079 1996 bonorum
1098 1969 1292 1999 meorum
1310 1972 1395 2001 non
1415 1975 1512 2018 eges
1526 1959 1556 2003 ⁸.
1575 1980 1592 2001 n
1605 1962 1698 2006 Hoc

336 2025 471 2066 solum
492 2021 632 2064 vidore
654 2021 926 2072 desideravit,
952 2024 1065 2067 sicut
1086 2025 1174 2083 ipse
1191 2027 1289 2069 alibi
1308 2028 1363 2071 ait
1381 2043 1392 2072 :
1408 2047 1423 2068 α
1447 2030 1582 2074 Unam
1595 2032 1700 2090 petii

336 2111 389 2136 »a
409 2092 612 2139 Domino;
645 2091 755 2134 hanc
785 2092 1028 2149 requiram;
1057 2104 1104 2137 ut
1126 2096 1360 2141 inhabitem
1387 2099 1429 2142 in
1452 2101 1580 2143 domo
1608 2102 1699 2145 Do-

338 2182 353 2202 »
367 2162 468 2205 mini
486 2175 630 2203 omnes
653 2159 741 2202 dics
764 2160 855 2203 vitae
877 2177 980 2205 meae
995 2196 1005 2212 ‚
1024 2173 1066 2207 et
1089 2166 1252 2209 videam
1275 2169 1599 2213 delectationem
1613 2166 1700 2215 Do-

337 2253 351 2273 »
365 2231 491 2281 mini,
520 2238 564 2272 et
585 2230 847 2273 considerem
877 2234 1083 2291 templum
1109 2230 1202 2293 ejus
1218 2237 1248 2280 ¹⁸.
1270 2256 1287 2278 n
1301 2238 1343 2281 Si
1359 2239 1453 2297 quis
1474 2239 1600 2299 igitur
1614 2257 1698 2300 pu-
1756 2242 1762 2249 “

334 2319 429 2347 rum
450 2302 551 2344 illud
563 2333 574 2349 ,
593 2308 636 2343 et
652 2300 949 2359 incorporeum
967 2319 1180 2348 summum
1198 2307 1302 2351 illud
1315 2308 1458 2352 videre
1473 2312 1694 2365 meruerit,

333 2373 433 2432 quid
444 2371 598 2414 habeat
610 2370 722 2413 aliud
733 2372 847 2428 quod
858 2373 1098 2417 desideret?
1114 2377 1308 2435 Denique
1321 2378 1469 2422 Petrus
1485 2379 1526 2422 in
1547 2388 1695 2426 monto

335 2443 510 2504 gloriam
532 2440 851 2484 resurrectionis
872 2442 1026 2487 Christi
1047 2445 1165 2496 vidit',
1184 2456 1226 2491 et
1242 2450 1415 2493 nolebat
1431 2451 1695 2496 descendere
1724 2452 1730 2464 '

377 2545 390 2571 9
405 2533 525 2570 nauh.
539 2543 590 2579 ¹¹¹2
609 2542 661 2568 ιι.
673 2551 715 2558 --
733 2543 746 2560 2
765 2533 818 2569 Id.
835 2545 933 2577 xxm,
953 2547 1002 2581 ²7·
1016 2554 1056 2566 --
1072 2539 1088 2564 ³
1104 2539 1188 2574 Psal.
1201 2550 1255 2582 xv,
1269 2553 1298 2575 2.
1315 2543 1385 2584 -ss
1402 2542 1456 2579 Id.
1470 2553 1560 2587 xxvi,
1572 2543 1606 2586 4.
