1780 3120
351 293 409 323 »ι
437 293 830 324 munzun-noun
860 294 1002 324 omn.
1038 297 1120 326 un.
1158 297 1216 326 iv.
1389 284 1476 330 501

49 420 52 421 ⁷
96 374 196 417 lum
230 372 384 416 imitari
401 372 543 436 cupit,
565 388 651 417 non
671 373 786 432 quod
807 372 911 423 sibi,
942 373 1018 418 sed
1058 376 1174 432 quod
1189 375 1281 419 aliis
1315 377 1476 436 prosit.

96 450 322 507 operatur.
348 443 467 501 [inde
478 459 563 487 non
586 443 801 496 immerito
826 441 973 487 delicit
986 443 1093 495 sibi,
1116 445 1207 490 aliis
1228 454 1373 491 autem
1388 447 1479 492 vir-

104 513 210 558 tutis
227 513 493 558 incremento
508 514 695 558 valescit.

166 580 333 627 XXIX.
358 583 413 626 Et
433 585 733 628 convenienter
757 583 922 640 dicit:-
942 583 1108 627 Defecit
1137 599 1213 628 cor
1256 600 1404 629 meum
1436 594 1483 630 ot

109 669 240 698 »caro
260 670 352 698 mea
365 687 378 704 ,
401 655 518 698 Deus'
537 656 677 699 cordis
694 654 820 699 mei¹.
845 673 863 695 ι
876 654 1025 713 Neque
1044 655 1159 698 enim
1182 664 1359 713 possunt
1381 671 1483 715 per-q

109 732 238 782 petua
279 727 533 775 succedere,
562 727 640 770 nisi
681 735 871 769 terrrena
910 724 1156 769 defecerint.
1193 725 1350 769 Deficit
1381 741 1484 785 ergo

104 809 211 837 «caro
226 828 238 844 ,
273 797 444 853 quando
466 796 780 841 mortificantur
796 811 893 855 quae
917 804 1018 840 sunt
1037 796 1236 840 carnalia.
1265 795 1484 840 Deficiunt

110 873 157 908 rt
191 865 251 908 ini
271 867 345 923 qui
371 866 743 910 mortificationem
770 867 875 910 Jesu
896 866 1054 910 Christi
1084 867 1128 909 in
1150 883 1225 910 sua
1246 883 1376 921 carne
1396 867 1485 911 cir-

106 935 379 986 cumfer-uun
398 947 512 981 mors
532 939 646 981 enim
673 938 831 982 Christi
856 938 900 981 in
922 938 1003 981 illis
1022 946 1247 996 operatur,
1280 945 1327 980 ut
1349 938 1488 981 omnis

104 1020 306 1049 »errorum
333 1007 539 1050 moriatur
569 1008 782 1052 illecebra.
830 1009 951 1051 Unde
972 1008 1185 1067 colligitur
1219 1008 1318 1066 quia
1348 1015 1393 1051 et
1410 1022 1487 1052 cor

106 1076 300 1120 ,hominis
315 1077 461 1121 deficit
476 1112 488 1128 ‚
513 1080 683 1136 quando
709 1077 1023 1122 mortificantur
1037 1078 1320 1136 cogitationes
1339 1079 1461 1121 malae
1473 1110 1484 1125 ‚

113 1160 210 1202 qua:
230 1148 284 1189 de
302 1147 433 1190 corde
446 1149 706 1206 procedunt;
729 1156 777 1191 ut
798 1156 966 1191 terrena
977 1148 1120 1191 omnia
1132 1148 1365 1190 abscondat
1375 1147 1487 1190 obli—

113 1216 208 1266 vio,
239 1205 290 1260 et⁸
319 1215 395 1260 fiat
417 1206 694 1261 Deus‘eordis
726 1234 903 1268 eorum,
931 1218 1004 1276 qui
1032 1218 1152 1261 beati
1175 1219 1338 1260 mundo
1361 1218 1489 1260 corde

114 1286 255 1329 Deum
281 1285 425 1330 videre
462 1297 733 1337 mereantur,
756 1297 805 1331 ut
834 1288 1176 1347 appropinquent
1209 1288 1310 1337 tibi,
1332 1295 1377 1330 et
1402 1301 1489 1329 non

115 1372 162 1399 se
183 1367 416 1416 segregent.
440 1358 556 1402 Deus
574 1359 689 1402 enim
715 1360 993 1418 appropians,
1017 1375 1104 1402 non
1126 1360 1322 1417 repulsor
1339 1372 1490 1417 appro-

108 1427 417 1486 pinquantium
444 1438 531 1479 esu
565 1430 763 1472 omnibus
797 1430 913 1473 enim
936 1431 1029 1473 vult
1049 1427 1200 1486 salutis
1216 1444 1343 1472 causa
1374 1442 1489 1477 esse,

121 1513 206 1541 non
226 1499 390 1551 mortis.
410 1498 608 1557 Denique
619 1499 834 1543 neminem
854 1500 1047 1558 repellit,
1070 1494 1152 1543 nisi
1173 1496 1306 1557 quise
1326 1499 1379 1541 ab
1398 1498 1493 1557 ejus

110 1578 357 1628 conspectu
380 1571 592 1628 putaverit
613 1571 979 1628 sequestrandum.

178 1638 325 1682 XXX.
343 1657 362 1679 ι
385 1639 601 1693 Quoniam
621 1655 724 1683 ecce
741 1673 753 1690 ,
779 1640 936 1698 inquit,
972 1639 1045 1697 qui
1076 1640 1277 1697 elongant
1298 1654 1343 1681 se
1374 1654 1397 1681 a
1420 1646 1487 1687 te,

121 1727 139 1747 ι
152 1708 395 1767 peribunt².
426 1709 746 1768 «Unusquisque
770 1710 888 1753 enim
908 1710 1109 1768 operibus
1133 1709 1221 1752 suis
1242 1708 1389 1767 pietati
1409 1716 1494 1751 tuoe

121 1794 215 1822 sese
235 1788 308 1822 aut
326 1779 465 1839 jungit
486 1789 559 1824 aut
578 1789 755 1840 separat.
783 1781 909 1839 Fugit
947 1780 1061 1823 enim
1082 1780 1221 1823 Deum
1242 1780 1316 1838 qui
1337 1794 1491 1838 opera-

123 1856 194 1891 tur
211 1864 263 1892 ea
275 1883 289 1900 ,
308 1865 493 1908 quorum
512 1851 799 1911 cognitionem
816 1858 979 1893 metuat
992 1849 1277 1908 deprehendi:
1296 1849 1409 1891 sicut
1422 1850 1492 1892 ille

118 1919 199 1977 ‘qui
239 1928 378 1964 tectus
398 1921 630 1980 parietibus
665 1929 710 1964 et
744 1915 1028 1964 cin-cuuisusus
1049 1919 1236 1962 tenebris
1262 1934 1286 1962 a
1312 1918 1496 1962 Domino

125 1989 219 2032 Deo
238 2005 329 2034 sese
366 1991 577 2034 existimat
600 2006 685 2034 nou
706 1990 862 2033 videri:
886 1989 1054 2034 videtur
1074 1998 1215 2032 autem
1230 2021 1243 2038 ‚
1265 2003 1365 2031 cum
1388 1987 1497 2030 dici-
1526 2042 1534 2050 1

117 2068 199 2102 tur
219 2075 265 2102 :e
284 2060 510 2105 Perdidisti
531 2077 678 2105 omnes
715 2061 789 2119 qui
827 2060 1093 2104 fornicantur
1122 2059 1197 2102 abs
1220 2058 1303 2102 te⁸.
1334 2077 1351 2097 t
1376 2047 1497 2101 Sicut

120 2128 243 2173 enim
272 2131 427 2174 mulier
449 2147 543 2189 quae
562 2132 817 2181 fornicatur,
838 2146 926 2174 non
956 2130 1142 2173 adhaeret
1170 2130 1260 2172 viro
1277 2163 1288 2177 .
1311 2144 1392 2171 nec
1412 2144 1497 2172 una

121 2214 229 2242 caro
262 2215 363 2243 cum
379 2201 471 2244 viro
491 2217 592 2250 suo,
612 2217 693 2245 nec
710 2216 821 2244 unus
843 2200 1015 2260 spiritus
1036 2209 1121 2250 est;
1145 2201 1219 2243 sed
1237 2198 1385 2242 dividit
1408 2212 1499 2241 sese

126 2284 180 2311 ae
201 2279 367 2329 separat
384 2270 630 2314 fornicando
648 2287 659 2313 ι
684 2271 741 2314 ita
761 2285 1041 2329 quaecumque
1051 2269 1191 2312 anima
1210 2283 1296 2312 nou
1308 2267 1496 2311 adhaeret

128 2337 248 2389 Deo,
277 2341 354 2383 sed
378 2341 497 2384 vanis
526 2341 737 2384 idolorum
764 2340 949 2383 cultibus
981 2339 1212 2382 inserviens
1243 2338 1494 2385 fornicatur,

77 2398 80 2402 ’
128 2407 284 2453 dividit
300 2425 345 2453 se
358 2411 567 2469 sacrilegii
585 2411 795 2454 scaevitate
810 2443 822 2458 .
842 2418 886 2453 et
905 2412 1029 2468 longe
1051 2408 1100 2452 fit
1121 2425 1144 2452 a
1165 2408 1349 2452 Domino
1362 2439 1376 2455 .
1404 2421 1500 2465 quae
1554 2423 1560 2428 ·

123 2493 267 2539 prope
281 2496 372 2524 esse
394 2481 581 2525 deberet.
611 2481 726 2525 Perit
754 2490 896 2524 autem
917 2480 991 2538 qui
1010 2487 1231 2539 separatur
1251 2494 1274 2521 a
1294 2477 1495 2522 Domino.

180 2605 193 2623 ¹
212 2598 287 2633 2⁵21
304 2610 424 2638 auu.
440 2601 494 2634 26.
506 2618 548 2624 -
562 2609 577 2625 ⁸
597 2599 689 2633 lbid.
706 2609 759 2642 ²7·
774 2615 816 2624 —
829 2599 846 2623 ³
860 2597 952 2632 lbid.
