1780 3120
356 199 445 260 iiam!
782 240 789 247 2
902 215 954 252 ὲ
971 218 1167 254 mamm

352 307 423 349 dat
447 312 692 348 tremorem«
717 299 887 353 ¹sudant
909 302 1054 349 vinum
1081 311 1264 363 corpora
1292 302 1655 351 temulentorum
1639 322 1669 351 τ
1666 299 1719 352 si

350 376 482 421 levius
497 390 545 418 ea
562 372 763 433 tetigeris,
786 374 984 434 exprimis
1005 375 1166 421 vinnm.
1622 415 1626 419 .

401 446 510 490 LIX.
548 445 739 488 Ebrietas
764 444 999 489 fomentum
1020 446 1224 495 libidinis,
1247 447 1432 491 ebrietas
1454 446 1715 493 incentivum

354 517 541 566 insaniae,
567 516 750 559 ebrietas
770 532 983 561 venenum
1008 517 1273 575 insipientiae.
1295 518 1392 562 Haec
1409 534 1555 563 sensus
1573 520 1717 571 homi-

348 604 452 632 num
483 595 620 631 mutat
649 596 691 631 et
716 587 889 637 formas,
915 603 993 647 per
1016 588 1042 631 h
1048 603 1127 630 wne
1154 587 1260 631 fiunt
1283 604 1335 631 ex
1354 589 1598 633 hominibus
1618 591 1716 648 equi

348 658 656 702 adhinnientes.
684 657 900 716 Siquidem
921 658 1103 703 naturali
1119 674 1275 716 vapore
1297 660 1487 718 corporis
1506 660 1667 711 calidi,e
1674 668 1717 704 et

349 738 500 790 praeter
531 725 727 772 naturam
765 728 851 772 vini
887 730 1029 772 calore
1059 728 1287 777 flammati.
1319 729 1520 773 cohibere
1551 745 1611 774 se
1624 739 1716 774 ndu

349 815 428 858 qu(
434 808 523 850 unt,
544 808 588 842 et
602 799 645 841 in
661 798 856 842 bestiales
872 799 1069 842 libidines
1084 799 1346 849 excitant1n3
1367 808 1415 843 ut
1432 802 1597 847 nullium
1616 810 1718 845 tem.—

346 888 423 928 pus
435 871 726 930 praescriptum
739 870 938 919 habeant,
953 885 1035 928 quo
1049 871 1199 914 deceat
1216 871 1436 930 indulgere
1447 872 1709 917 concubitui.

347 943 506 988 Vocem
537 942 752 992 amittunt,
787 942 930 985 colore
952 941 1183 991 variantur,
1218 942 1351 985 oculis
1375 942 1615 1001 ignescunt,
1639 958 1715 986 ore

344 1015 558 1064 anhelant,
575 1011 762 1057 fremunt
774 1013 964 1062 naribus,
980 1012 1022 1055 in
1034 1013 1220 1055 furorem
1240 1013 1528 1062 inardescunt,
1543 1029 1722 1058 sensum·

342 1086 571 1130 excedunt.
607 1084 717 1128 Hinc
746 1083 963 1142 phronesis
990 1084 1242 1142 periculosa,
1277 1083 1376 1127 hinc
1406 1084 1557 1127 calculi
1579 1085 1713 1142 gravis

342 1172 485 1216 poena.
504 1155 604 1199 hinc
621 1154 797 1198 exitialis
812 1153 1014 1203 cruditas,
1033 1153 1132 1197 hinc
1150 1154 1333 1197 vomitus
1356 1153 1555 1212 frequens
1573 1169 1714 1198 seme-

346 1243 409 1270 sas
432 1227 578 1284 epulas
601 1242 699 1268 cum
721 1225 985 1268 internorum
1007 1224 1216 1267 viscerum
1239 1241 1391 1268 cruore
1421 1225 1706 1269 fundentium.

342 1298 537 1345 Mentior,
570 1296 647 1339 nisi
670 1296 818 1338 eadem
842 1295 1051 1337 Dominus
1078 1311 1152 1353 per
1179 1294 1436 1338 Hieremiam
1461 1297 1628 1338 locutus
1649 1303 1712 1339 est

345 1368 514 1410 dicens.
537 1385 552 1406 a
570 1365 709 1409 Bibite
728 1374 771 1409 et
793 1364 1085 1415 inebriamini,
1118 1374 1162 1408 et
1184 1365 1361 1416 vomite,
1394 1373 1437 1409 et
1458 1365 1639 1417 cadetis,
1667 1374 1711 1410 et

344 1454 458 1482 »non
477 1435 695 1484 sumetis-¹.
714 1455 729 1475 n

402 1509 493 1552 LX.
524 1509 631 1552 Hinc
653 1507 780 1550 etiam
802 1521 917 1550 vanae
942 1507 1161 1565 imagines,
1186 1506 1338 1550 incerti
1354 1507 1480 1557 visus,
1505 1507 1708 1552 instabilis

342 1596 522 1640 gressus,
556 1579 729 1622 umbras
761 1594 871 1636 saepe
904 1578 1147 1621 transiliunt
1178 1578 1289 1621 sicut
1312 1579 1466 1621 foveas.
1492 1578 1622 1622 Nutat
1643 1579 1707 1623 his

338 1669 437 1696 cum
459 1652 565 1695 facie
591 1660 715 1700 terra,
740 1649 880 1693 subito
899 1650 1002 1707 erigi
1028 1658 1070 1692 et
1098 1649 1295 1693 inclinari
1319 1650 1704 1709 videtur,'et‘'quasi

339 1733 541 1771 vertatur,
573 1722 765 1765 timentes
787 1720 829 1763 in
852 1720 1002 1763 faciem
1024 1729 1168 1771 ruunt,
1193 1729 1237 1763 et
1258 1723 1394 1764 solum
1417 1720 1613 1763 manibus
1629 1733 1712 1779 ap:

336 1795 622 1854 prehendunt,
659 1800 731 1834 aut
761 1792 1114 1834 concurrentibus
1146 1792 1365 1834 montibus
1396 1791 1474 1833 sibi
1508 1783 1706 1833 ‘videniur

338 1866 508 1910 includi.
554 1865 745 1907 Murmur
774 1863 815 1905 in
850 1863 1022 1905 auribus
1058 1871 1259 1923 tanquam
1295 1862 1424 1905 maris
1458 1862 1704 1905 fluctuantis

335 1940 490 1996 fragor,
515 1945 556 1978 ct
579 1934 812 1978 resonantia
836 1934 968 1976 ssuctu
992 1934 1145 1976 littora.
1176 1933 1310 1975 Canes
1334 1933 1365 1975 si
1391 1933 1704 1982 videi-intslco-

336 2024 411 2052 nes
433 2008 707 2055 arbitrantur,
736 2013 778 2047 et
800 2004 980 2062 fugiunt.
1010 2003 1089 2046 Alii
1112 2003 1195 2045 risu
1218 2004 1442 2045 solvuntur
1465 2002 1699 2053 incondito,

334 2080 402 2122 alii
425 2076 713 2121 inconsolabili
739 2090 922 2118 moerore
945 2076 1183 2132 deplorant,
1204 2074 1271 2116 alii
1290 2073 1596 2116 irrationabiles
1613 2072 1702 2117 cer'-

331 2158 438 2193 nunt
468 2164 651 2207 pavoreS.
700 2146 923 2206 Vigilantes
955 2145 1182 2192 somniant,
1215 2145 1478 2187 dormientes
1512 2142 1691 2202 litigant:

333 2221 357 2265 Χ
373 2221 428 2264 ita
452 2220 515 2263 bis
533 2218 743 2262 somnium
763 2225 842 2266 est,
861 2231 1034 2259 somnus
1050 2215 1114 2258 liis
1138 2230 1250 2258 mors
1266 2223 1329 2258 est
1347 2231 1356 2256 :
1380 2215 1554 2258 excitari
1574 2215 1698 2258 nullis

334 2292 510 2335 vocibus
532 2298 738 2348 possunt,
755 2288 1019 2345 quantolibet
1047 2285 1324 2329 stimulandos
1348 2286 1531 2345 impulsu
1555 2280 1693 2343 pules,

338 2362 417 2406 nisi
441 2361 708 2419 resipuerint,
728 2358 912 2417 evigilari
933 2374 1013 2400 non
1037 2366 1224 2416 possunt.

387 2433 497 2476 LXI.
536 2433 655 2474 Unde
681 2432 788 2473 bene
823 2429 1051 2472 Hieremias
1078 2427 1324 2484 hujusmodi
1350 2426 1568 2469 hominvm
1599 2433 1694 2468 tan—

328 2518 457 2564 quam
474 2501 730 2561 superssuam
749 2510 1004 2551 creaturam,
1027 2490 1270 2563 deflendum
1286 2506 1419 2556 putat.
1443 2496 1561 2553 Quid
1578 2494 1692 2540 enim

373 2603 386 2620 ι
405 2594 530 2627 Jerem.
548 2604 625 2635 xxv,
642 2603 693 2636 27.
