1780 3120
281 251 369 295 506
790 265 1131 296 ΔΝΝοΤΑΤιοῃι-ει

278 341 441 391 scribit,
464 356 618 401 nempe
644 341 686 384 in
716 342 909 386 convivio
935 352 1112 403 propter
1132 352 1276 388 natam
1298 345 1508 391 Venerem
1530 349 1649 394 cele—

274 413 412 462 brato,
437 412 609 462 Porum,
643 413 910 456 abundantiae
934 414 1098 463 Deum,
1133 423 1183 457 ut
1212 416 1395 459 nectaris
1425 420 1650 477 crapulam

274 484 504 535 exhalaret,
523 484 565 526 in
581 484 754 527 hortum
769 485 886 528 Jovis
900 486 1136 544 ingressum
1151 486 1431 538 obdormisse,
1452 490 1505 532 ad
1522 490 1651 548 cnjus

274 553 383 596 latus
406 569 504 596 cum
524 554 667 605 Penia,
693 557 950 615 paupertatis
966 558 1070 608 Dea,
1096 571 1186 600 sese
1208 558 1479 609 admovisset,
1504 562 1644 619 gravi·

274 623 371 667 dam
391 624 547 667 saetam
567 624 768 669 Amorem
788 627 1014 687 peperisse.
1041 626 1205 672 Verum
1223 642 1323 670 cum
1345 643 1431 672 non
1446 630 1647 684 Peniam,
1670 621 1673 629 ¹

271 701 321 736 ut
349 694 471 738 Rom.
509 696 620 739 Edit.
653 698 855 756 reposuit,
880 699 955 741 sed
975 697 1199 749 Venerem,
1232 706 1280 741 ut
1301 698 1393 742 aliae
1411 713 1575 752 omnes,
1599 710 1648 747 et

275 765 419 808 cuncti
448 768 724 826 manuscripti
754 768 930 819 habent,
965 768 1008 811 in
1039 769 1214 812 hortum
1245 768 1481 813 introivisse
1510 771 1644 823 dicat,

271 835 444 878 videtur
458 837 622 880 hancce
643 838 830 881 fabulam
847 854 899 882 ex
918 840 1125 883 memoria
1142 848 1308 884 tantum
1324 855 1541 900 enarrare,
1559 856 1649 887 nec

267 919 354 949 non
374 907 471 950 Pori
493 909 664 951 nomine
687 909 940 953 intellexisse
960 927 1046 954 non
1061 912 1201 955 Deum
1219 912 1420 971 aliquem,
1440 912 1655 972 atpotftff

272 976 436 1020 alveum
459 978 543 1022 sive
561 981 768 1030 canalem,
785 982 1098 1026 undenectaris
1113 983 1228 1027 rivus
1246 983 1518 1027 dimanahat:
1537 987 1648 1042 πόρος

271 1046 385 1090 enim
417 1062 496 1107 pro
526 1043 642 1095 alveo
673 1051 757 1094 sive
779 1052 917 1095 canali
939 1054 1051 1112 apud
1073 1054 1274 1112 probatos
1296 1060 1507 1098 auctores·
1518 1054 1651 1097 iuve-
1704 1043 1712 1054 ¹

270 1117 399 1162 nitur.
1558 1122 1560 1127 ’

694 1258 949 1289 annornm,
981 1245 1072 1302 (13)
1110 1246 1214 1290 ihid.

326 1359 406 1402 Hic
424 1363 478 1405 ad
491 1362 751 1415 missionem,
770 1379 865 1422 quae
879 1364 1087 1409 militibus
1097 1366 1283 1409 emer-itis
1296 1366 1492 1418 dabatur,
1513 1367 1645 1410 alludi

270 1438 447 1475 constat.

647 1569 893 1598 ANNOTATIO
932 1555 1024 1613 (14)
1061 1571 1155 1615 pag.
1194 1555 1264 1600 82.

325 1672 548 1716 Moventur
562 1674 754 1732 plerique
763 1690 911 1718 omnes
924 1675 1148 1726 neoterici,
1162 1676 1279 1733 quod
1295 1683 1466 1719 sanctus
1478 1673 1645 1720 Doctor-

270 1741 322 1784 ad
336 1757 434 1785 eum
444 1745 620 1786 modum
635 1746 804 1795 locutus
821 1745 949 1788 fuerit
965 1747 1017 1788 de
1033 1746 1159 1796 libro,
1183 1761 1312 1804 quem
1329 1747 1449 1789 omni
1457 1753 1638 1805 exparte

271 1813 563 1872 apocryphum
594 1830 685 1857 esse
716 1823 961 1866 autumant,
986 1815 1029 1858 id
1050 1824 1130 1865 est,
1156 1816 1293 1875 cujus,
1323 1824 1372 1859 ut
1392 1816 1526 1866 aiunt,
1551 1832 1639 1860 non

269 1889 435 1926 tantum
459 1884 666 1927 obscurus
687 1893 852 1935 auctor,
875 1894 918 1928 et
939 1880 1100 1944 Spiritu
1122 1894 1271 1930 sancto
1292 1886 1483 1931 dictante
1503 1888 1642 1947 scrip-

266 1939 368 1995 sisse
398 1968 486 1996 non
508 1955 725 1998 creditur:
755 1956 983 1999 sed-etiam
1006 1956 1336 2014 cujusobscura
1369 1957 1413 2000 in
1445 1952 1649 2001 Ecclesim

271 2024 521 2075 auctoritas3
555 2034 648 2068 tum
674 2026 771 2084 quia
794 2027 911 2070 nullo
935 2040 1124 2085 unquam
1148 2041 1311 2071 canone
1332 2028 1537 2087 vel'apud
1560 2026 1649 2071 Ju-

271 2094 383 2138 ‹laeos
414 2097 481 2138 vel
512 2096 555 2138 in
585 2097 775 2141 Ecclesia
810 2106 982 2158 recepta
1018 2099 1087 2150 sit,
1122 2100 1198 2142 sed
1227 2100 1447 2143 communi
1468 2101 1645 2143 Patrum

271 2175 482 2208 consensu
498 2166 656 2224 rejecta
665 2184 677 2217 3
698 2175 788 2211 tum
808 2169 905 2226 quia
921 2169 1024 2212 varii
1041 2169 1083 2212 in
1101 2185 1151 2213 eo
1168 2171 1437 2229 reperiantur
1454 2185 1643 2224 errores,

274 2233 517 2293 cujusmodi
549 2245 629 2288 est,
661 2237 777 2296 quod
808 2241 862 2283 de
894 2239 1134 2296 animarum
1154 2241 1462 2300 promptuariis
1478 2250 1646 2293 namt,

272 2311 315 2347 et
346 2305 510 2349 similia.
549 2308 614 2350 Illi
646 2309 818 2366 quidem
853 2310 1104 2369 Hieronymi
1137 2313 1435 2358 auctoritatem
1459 2313 1644 2372 jactant,

276 2375 350 2432 qui
381 2378 577 2420 adversus
612 2378 886 2437 Vigilantiam
931 2371 1165 2442 disputans,
1205 2373 1404 2426 eumdem
1438 2383 1557 2441 quasi
1589 2383 1641 2426 ab

271 2445 460 2490 Ecclesia
477 2448 651 2492 minime
673 2453 1129 2510 receptummepudiat,⁵
1144 2453 1335 2511 quamvis
1353 2455 1546 2496 nondum
1562 2453 1647 2496 sibi

276 2515 462 2568 lectum,
497 2534 596 2561 cum
617 2519 706 2563 haec
734 2522 950 2564 scriberet.
983 2522 1054 2566 Sic
1081 2523 1195 2565 enim
1230 2523 1328 2566 ille:
1358 2523 1395 2566 T
1398 2539 1426 2566 α
1449 2523 1648 2581 vigilans

279 2586 468 2639 dormis,
501 2599 544 2633 ot
573 2590 801 2635 dominns
823 2591 1006 2645 scribis,
1040 2603 1094 2636 cc·
1111 2593 1324 2653 proponis
1338 2592 1648 2638 mihil-librum
