1780 3120
363 248 445 294 288
903 255 935 285 ε,
974 233 1175 284 innuosa

357 349 452 404 post
485 337 660 400 paenitet
686 352 696 382 ε
729 349 815 380 non
847 333 965 379 illum
995 332 1154 378 diutius
1183 346 1259 377 sua
1292 323 1615 392 intemperantia
1641 326 1717 375 de·-

354 410 535 458 lentavit.

413 479 593 527 XXVII.
631 479 814 524 Attende
855 475 1028 521 divitem
1063 473 1135 534 qui
1172 472 1431 518 induebatur
1463 485 1650 536 purpura
1675 481 1719 518 et

358 556 481 614 bysso
495 586 506 603 ,
530 561 573 596 et
588 551 839 611 epulabatur
860 546 1047 606 quotidie
1070 546 1314 606 splendide,
1340 545 1463 604 cujus
1477 547 1532 590 ad
1546 545 1719 604 januam

358 623 579 668 mendicus
600 622 669 665 ille
688 621 869 664 Lazarus
893 618 1064 676 jacebat
1095 618 1246 676 plenus
1276 617 1518 666 ulceribus,
1546 615 1720 676 cupiens

359 695 537 738 saturari
557 709 609 737 ex
630 691 695 735 his
716 706 808 749 quae
830 691 883 733 de
897 703 1042 732 mensa
1065 688 1277 732 cadebant
1304 687 1454 732 divitis.
1479 688 1611 734 Paulo
1627 696 1723 748 post

360 781 458 809 cum
479 772 589 807 esset
604 771 815 811 mortuus,
835 759 964 819 coepit
978 774 1128 818 rogare
1148 759 1310 818 positus
1326 758 1376 802 in·
1395 759 1578 810 inferno,
1597 767 1647 803 ut
1656 774 1724 802 ex·

360 846 542 879 tremum
565 833 683 892 digiti
703 831 768 875 sui
788 847 951 891 pauper
977 831 1083 874 ille'
1072 845 1115 873 ln
1137 845 1290 889 aquam
1321 830 1570 889 intingeret,
1595 837 1639 875 et
1655 845 1725 876 re-
1741 859 1751 863 ·

360 906 576 965 frigeraret
607 905 795 963 linguam
823 902 938 960 ejus,
963 917 1056 961 quae
1090 902 1268 953 ardebat
1297 901 1508 945 incendio.
1538 901 1620 945 Ubi
1645 901 1725 944 iuae

361 976 519 1036 copiaeP
543 975 623 1019 Ubi
645 975 724 1018 illae
745 974 1003 1018 ebrietates?
1026 972 1124 1016 Sitit
1151 973 1223 1031 qui
1244 964 1565 1016 inebriabatur·
1589 971 1727 1015 abun-

362 1051 432 1092 dat
449 1048 520 1107 qui
535 1047 818 1090 mendicabat.
841 1045 917 1088 In
907 1061 997 1105 ipso
1011 1044 1207 1088 convivio
1231 1045 1333 1088 dum
1349 1043 1532 1093 bibunt,
1554 1042 1723 1095 sitiunt;

362 1130 405 1164 et
434 1135 531 1163 cum
562 1118 756 1162 inebriati
787 1117 969 1167 fuerint,
1004 1115 1183 1175 amplius
1212 1115 1379 1159 bibunt.
1425 1113 1556 1168 Quasi
1581 1121 1727 1173 aperto

363 1191 526 1250 gurgite
546 1190 692 1233 vinum
712 1188 799 1246 jam
822 1203 910 1231 non
935 1187 1112 1239 bibitur,
1135 1188 1212 1233 sed
1232 1186 1499 1235 infunditur:
1522 1185 1727 1245 poculum

366 1278 449 1305 non
465 1261 637 1311 libatur,
664 1262 738 1304 sed
758 1259 1007 1304 exinanitur.

365 1426 544 1438 mmmm
550 1425 683 1438 wum-
691 1425 1167 1438 wmswmnsw-vnmm
1173 1425 1359 1438 mmm
1366 1420 1730 1439 “annm-musm—

903 1537 1081 1582 CAPUT
1113 1537 1190 1583 IX.

371 1668 461 1711 (Tm-
490 1678 682 1728 potentes
714 1668 878 1717 vinam
913 1669 1060 1714 bibere
1087 1669 1444 1730 prohibeantur?
1472 1661 1732 1728 Jadit'hje-

416 1743 593 1797 janam
634 1740 924 1800 Holofernom
960 1741 1237 1785 obtruncat.-
1281 1741 1522 1799 iisdemque
1562 1741 1732 1785 artibus

421 1812 635 1870 papulum
670 1827 802 1855 suum
846 1812 1006 1855 liberat
1049 1811 1237 1861 Esther,
1281 1812 1356 1855 cui
1387 1826 1542 1868 peenas
1584 1802 1733 1855 obrias

430 1885 577 1924 Amcm
602 1882 1044 1927 exocv1t.Poserem0
1073 1883 1408 1940 varioejejtmii
1441 1881 1594 1926 laudes
1629 1895 1733 1925 enu-

429 1965 672 1996 merantur.

427 2090 624 2135 XXVIII.
660 2108 675 2130 «
688 2090 840 2142 SmNAE,
862 2092 1015 2151 inquit,
1036 2101 1272 2153 nascuntur
1288 2092 1331 2136 in
1348 2087 1478 2136 manu
1493 2087 1690 2141 ebriosi&
1706 2107 1723 2130 ι

370 2162 465 2219 quia
488 2160 576 2220 ipse
597 2177 641 2204 se
662 2162 859 2206 manibus
879 2163 964 2206 suis
983 2165 1200 2214 vulnerat,
1225 2172 1269 2207 et
1293 2165 1437 2207 ulcera
1459 2161 1538 2206 sibi
1559 2161 1615 2206 in'
1631 2175 1734 2221 pcc-

371 2241 438 2275 tus
460 2232 615 2290 dejicit.
635 2233 707 2275 His
727 2233 854 2292 spinis
871 2234 1027 2278 scindit
1043 2235 1342 2279 vestimentum
1360 2224 1461 2278 fidei
1483 2233 1598 2293 quod
1615 2239 1735 2276 acc'e—

370 2303 452 2361 pit,
474 2311 516 2345 ct
537 2302 783 2346 thesaurum
804 2320 928 2347 suum
949 2321 1115 2349 servare
1136 2321 1221 2349 non
1246 2306 1413 2366 poterit.
1442 2295 1593 2349 Omnis
1616 2301 1733 2347 vellim

371 2372 559 2414 ebriosus
588 2381 630 2414 et
662 2374 894 2417 loinicator
923 2376 1090 2433 egebit,
1123 2385 1165 2419 et
1198 2376 1347 2419 induet
1380 2391 1426 2419 se
1457 2375 1584 2418 scissa
1608 2369 1736 2417 vesti

372 2450 513 2484 menta
541 2441 802 2500 insipientiae.
843 2446 896 2488 Et
926 2445 1039 2489 ideo
1053 2453 1247 2505 potentes
1276 2448 1423 2491 vinum
1454 2430 1736 2506 prehibcntur

376 2511 550 2560 bibere3
572 2528 625 2554 ne
642 2527 737 2556 cum
756 2514 971 2566 biberint,
995 2517 1300 2562 obliviscantur
1319 2517 1581 2579 sapientiam.

420 2614 544 2650 ¹.Prov
565 2627 634 2650 xxv·
641 2628 697 2660 ,9
718 2636 755 2644 -
775 2619 855 2653 ald.
870 2631 945 2654 xxxi
951 2621 1006 2661 ‚4.
1023 2624 1053 2655 5.
