1780 3120
374 352 468 402 204
699 398 707 406 „
926 358 959 385 s.
998 357 1190 385 amnnosn
1215 366 1220 369 ·

375 444 616 498 potuerunt.
645 435 765 477 Hanc
787 432 976 475 tunicam
1001 432 1183 489 judaicae
1204 431 1350 474 bestiae
1381 437 1740 481 cruentaverunt.

373 510 454 553 illa:
469 510 521 551 de
542 506 696 564 quibus
713 503 815 546 dicit
840 518 851 545 :
869 519 885 542 «
900 502 1013 545 Ecce
1034 516 1112 558 ego
1126 501 1250 561 mitto
1273 509 1346 545 vo's
1360 501 1469 544 sicut
1487 515 1615 559 agnos
1632 501 1742 546 inter

368 575 569 636 „luposk
593 594 608 616 »
890 618 892 620 ,

432 647 546 692 XVI.
573 645 701 700 Quod
716 652 859 686 autem
879 645 997 686 lacus
1021 642 1158 685 siccus
1173 642 1309 693 erat2,
1327 642 1433 701 quid
1447 641 1604 685 mirum
1621 642 1656 684 si
1669 641 1696 685 J
1701 657 1744 685 u·

370 720 562 762 daeorum
579 719 696 760 lacus
709 731 861 774 aquam
879 713 1136 763 nonhabet,
1156 713 1228 772 qui
1243 715 1563 772 dereliquerunt
1578 713 1744 775 *sontem

370 805 491 847 aquae
502 789 618 837 vivae,
630 795 672 829 et
685 787 878 830 fecerunt
891 785 970 828 sibi
984 786 1101 827 lacus
1120 785 1416 828 contritosiOEt
1424 794 1471 828 ut
1482 784 1587 827 scias
1597 799 1744 828 verum

370 860 458 903 hoc
480 875 570 902 esse
594 857 844 916 mysterium
858 889 869 906 ,
893 871 982 914 ipse
1005 857 1057 898 de
1078 871 1122 898 se
1139 856 1347 899 Dominus
1372 857 1429 899 ait
1449 871 1458 898 :
1475 873 1491 895 <t
1505 855 1744 899 Posuerunt

369 945 470 973 »me
492 931 533 971 in
556 931 653 971 lacu
675 927 886 975 inferiori,
912 927 954 968 in
975 926 1162 969 tenebris
1177 959 1188 976 ‚
1208 936 1250 970 et
1271 928 1313 970 in
1337 927 1490 970 umbra
1506 924 1695 968 morfis'.
1718 943 1735 966 ι»

427 999 561 1044 XVII.
599 999 665 1041 Illi
705 999 833 1055 igitur
868 1006 1018 1041 emunt
1053 998 1275 1041 Christum
1312 999 1386 1057 qui
1425 998 1561 1040 bonos
1594 997 1746 1040 odores

370 1071 584 1117 deserunt,
606 1068 840 1127 thyminum
860 1083 944 1126 quo
967 1069 1140 1111 adolent
1157 1070 1302 1112 altaria
1321 1069 1400 1128 piae
1417 1068 1569 1111 mentis
1590 1083 1600 1110 :
1626 1058 1747 1112 Unde

369 1150 412 1184 et
434 1141 570 1184 David
593 1154 727 1198 graece
755 1140 839 1182 hoc
867 1141 998 1182 modo
1022 1140 1078 1182 ait
1098 1154 1108 1181 ε
1135 1144 1421 1188 Κατωτηνθήτὼ
1441 1147 1463 1188 ἡ
1487 1144 1663 1195 προσευχὴ
1682 1159 1748 1194 μου

369 1215 418 1261 ὡς
452 1215 617 1266 ,θυμίαμα
655 1216 796 1255 ἐνώπιόν
839 1232 900 1255 σου
915 1209 949 1253 ⁴.
989 1209 1186 1253 Resinam
1215 1223 1386 1266 quoque
1415 1224 1497 1266 qua
1531 1221 1747 1251 marmora

370 1277 586 1320 confracta
624 1279 867 1330 sociantur,
906 1288 970 1323 est
1005 1281 1144 1324 resina
1178 1279 1375 1338 spiritalis
1408 1294 1502 1337 quae
1541 1278 1748 1321 fracturas

370 1347 524 1390 animae
542 1356 623 1391 tuse
644 1350 813 1399 solidet,
833 1358 874 1393 et
892 1351 1055 1394 divulsa
1075 1358 1316 1400 connectat,
1335 1351 1525 1393 resoluta
1542 1348 1749 1392 constrin-

368 1426 452 1476 gat.
487 1419 587 1462 Haec
611 1421 726 1463 enim
759 1421 957 1479 spiritalis
989 1421 1125 1464 resina
1156 1421 1442 1471 corroborat,
1476 1429 1519 1463 et
1552 1421 1748 1478 quaedam

372 1490 638 1532 comminuta
664 1490 817 1533 anima:
848 1493 1040 1535 membra
1065 1492 1308 1551 componit,
1333 1500 1383 1534 ut
1405 1491 1495 1534 sine
1515 1490 1749 1533 offensione

369 1559 604 1603 socientur.
629 1560 827 1619 Denique
849 1562 1082 1605 Hieremias
1095 1563 1205 1606 hanc
1224 1562 1583 1620 quaeritresinam,
1606 1569 1654 1604 ut
1666 1561 1749 1604 Ba-

370 1629 598 1687 byloniam
618 1640 742 1674 curet
763 1648 912 1675 sanare
926 1665 936 1683 ,
961 1634 994 1676 εἰ
1017 1634 1174 1692 possit,
1195 1634 1367 1676 dicens:
1393 1651 1410 1673 α
1431 1632 1624 1691 Accipite
1645 1630 1752 1674 resi-

369 1716 385 1739 a
400 1714 498 1741 nam
533 1702 798 1760 corruptioni
814 1703 922 1760 ejus,
948 1704 981 1746 si
997 1719 1080 1761 quo
1098 1706 1226 1747 modo
1243 1704 1475 1747 sanabitur.
1499 1702 1750 1746 Curavimus

371 1789 389 1810 ι)
402 1771 702 1830 Babyloniam,
717 1781 912 1817 etsanata
927 1790 1010 1817 non
1024 1775 1127 1818 est⁵.
1145 1794 1161 1815 »
1175 1776 1268 1819 Non
1278 1784 1341 1818 est
1353 1784 1497 1818 sanata
1508 1775 1747 1834 Synagoga,

369 1841 471 1898 quia
502 1843 642 1886 resina
679 1844 755 1887 ista
786 1845 982 1904 migravit
1007 1847 1060 1889 ad
1094 1845 1343 1889 Ecclesiam.
1378 1846 1480 1888 Ideo
1503 1861 1557 1888 ex
1589 1840 1754 1888 Galaad

380 1911 612 1955 veniebant
635 1914 918 1972 negotiatores
932 1948 944 1965 ,
974 1915 1057 1959 hoc
1078 1925 1139 1960 est
1154 1949 1165 1966 ,
1190 1918 1242 1959 ‹le
1264 1916 1529 1975 possessione
1548 1909 1753 1958 velino*-

378 1982 470 2024 latu
486 1983 717 2025 testimonii
740 2000 904 2028 merces
922 2001 1018 2028 suas
1037 1988 1090 2029 ad
1112 1987 1348 2030 Ecclesiam
1369 1985 1686 2034 transferentes,
1705 1989 1753 2027 ut

368 2051 564 2109 gentium
595 2062 771 2111 peccata
803 2056 941 2098 resina
972 2056 1049 2099 ista
1073 2065 1254 2099 curaret.
1293 2056 1356 2099 De
1385 2056 1541 2113 quibus
1560 2053 1748 2107 dicitur-7:

385 2138 407 2160 α
427 2121 730 2167 Convalescite
766 2140 917 2167 manus
952 2127 1144 2169 demissae
1161 2161 1173 2177 ,
1211 2134 1255 2169 et
1290 2141 1426 2184 genua
1459 2123 1740 2169 dissoluta&-

372 2190 500 2235 Fides
517 2193 686 2236 sincera
704 2195 841 2238 resina
859 2204 934 2239 est.
960 2197 1081 2240 Hanc
1099 2197 1329 2240 adhibebat
1343 2198 1509 2248 Petrus,
1525 2212 1625 2240 cum
1641 2195 1752 2240 dice-

374 2269 442 2304 ret
462 2262 616 2305 claudo
641 2279 652 2306 :
679 2281 695 2303 α
711 2265 758 2307 In
776 2265 950 2308 nomine
975 2265 1080 2308 Jesu
1109 2267 1266 2311 Christi
1283 2266 1488 2311 Nazareni
1503 2299 1515 2316 ,
1539 2282 1687 2325 surge,
1709 2274 1753 2311 et

372 2348 392 2371 a>
405 2333 614 2383 ambula⁷3
627 2351 643 2374 »
657 2335 894 2394 meritoque
904 2338 1103 2387 surrexit,
1120 2346 1162 2381 et
1173 2337 1423 2381 ambulavit.
1433 2337 1753 2382 Hanchabebat

374 2415 481 2444 cum
505 2403 666 2447 diceret
696 2406 930 2464 paralytico
951 2422 961 2449 ε
982 2408 1160 2458 «AEnea,
1189 2417 1308 2452 sanet
1333 2416 1375 2451 te
1394 2402 1602 2451 Dominus
1620 2406 1746 2450 Jesus

377 2471 605 2517 »Christus
630 2490 640 2516 t
668 2490 791 2535 surge
813 2510 825 2528 ,
858 2487 902 2521 et
936 2487 1077 2523 sterne
1108 2479 1199 2528 tibi.
1234 2481 1288 2524 Et
1309 2479 1513 2532 surrexit,
1543 2486 1586 2522 et
1605 2477 1752 2522 stravit

421 2590 432 2606 ¹
450 2584 531 2618 Luc.
548 2597 582 2627 x,
599 2589 633 2622 3.
649 2608 690 2614 —
706 2599 720 2614 ⁸
738 2591 824 2625 Gen.
838 2604 966 2630 xxxvn.
992 2593 1043 2633 ²4·
1062 2612 1103 2619 -—
1121 2595 1135 2618 ³
1152 2595 1233 2628 Psal.
1252 2606 1395 2632 mxxxvii,
1409 2607 1440 2639 7.
1460 2612 1502 2620 --
1521 2595 1535 2623 ⁴
1552 2592 1603 2627 ld.
1623 2601 1697 2633 cxl»,
1717 2600 1752 2624 ¹·

371 2654 414 2665 -
431 2641 446 2664 θ
469 2640 592 2677 Jerem.
617 2654 658 2683 ιι,
684 2645 715 2685 8,
741 2658 771 2691 9.
790 2665 830 2673 —
849 2649 866 2673 ⁶
887 2650 965 2682 lsai.
983 2659 1080 2687 xxxv.
1095 2649 1129 2684 3.
1144 2667 1187 2675 -
1212 2657 1225 2681 ⁷
1243 2650 1317 2684 Act.
1340 2660 1395 2691 m,
1414 2650 1445 2682 6.
