1780 3120
323 295 408 351 383
447 304 466 314 ⁹
870 302 902 340 ss
942 290 1135 339 Amssao'sii

317 386 605 445 emolumenta
641 378 907 453 percipiunt:
945 389 1040 432 ideo
1077 379 1250 432 audiant
1280 375 1385 447 quid
1417 375 1503 434 Lex
1536 375 1678 433 dicat.
1670 395 1681 414 ⁴

327 489 346 512 α
363 470 509 527 Neque
530 476 720 514 usuram,
740 460 894 520 inquit,
913 473 1107 504 escarum
1132 455 1327 518 accipies,
1341 475 1478 520 neque
1493 460 1685 507 omnium

316 562 337 585 ω
351 555 495 585 rerum
518 549 810 597 quascumque
842 531 1114 575 foeneraveris
1135 530 1255 574 fratri
1274 538 1361 575 tuo.
1387 530 1548 576 »Fraus
1570 530 1685 575 enim

320 612 401 658 ista
421 618 463 653 ct
485 604 823 663 circumscriptio
845 603 968 662 Legis
985 609 1072 652 est,
1094 617 1181 645 non
1204 602 1407 646 custodia.
1427 596 1480 647 Et
1500 609 1623 662 putas
1644 609 1687 644 te

318 683 391 742 pie
411 681 579 729 facere,
605 677 703 736 quia
726 691 748 718 a
768 674 1032 732 negotiatore
1055 673 1182 716 velut
1186 687 1342 715 munus
1365 672 1568 733 suscipis?
1584 672 1688 717 Inde

318 753 392 798 ille
407 751 602 795 fraudem
619 746 752 791 facit'
741 761 784 789 m
805 744 1016 788 mercium
1038 743 1196 802 pretio,
1217 745 1330 787 unde
1353 744 1430 787 tibi
1449 743 1571 789 solvit
1586 759 1691 788 usu-

317 838 427 869 ram.
459 818 639 865 Fraudis
667 816 778 860 illius
808 824 856 862 tu
883 823 1056 866 auctor,
1092 822 1141 857 tu
1160 814 1398 873 particeps,
1415 814 1493 860 tibi
1522 811 1693 883 proficit

322 891 533 951 quidquid
553 889 623 932 ille
638 883 910 930 fraudaverit.
935 885 989 928 Et
1005 899 1101 928 esca
1117 898 1244 928 usura
1260 893 1348 936 est,
1368 886 1411 928 e't
1418 883 1549 929 vestis
1566 900 1692 929 usura

322 972 409 1013 est,
439 969 482 1005 et
512 960 819 1019 quodcumque
843 957 946 1000 sorti
967 956 1156 1007 accedit,
1179 971 1308 999 usura
1335 963 1429 1000 est.
1457 939 1573 1014 quod
1591 955 1692 1000 velis

322 1035 363 1077 ei
381 1047 540 1076 nomen
567 1032 786 1088 imponas,
808 1043 936 1071 usura
962 1035 1038 1071 est.
1062 1027 1106 1071 Si
1123 1027 1289 1071 licitum
1311 1030 1397 1078 est,
1421 1042 1499 1070 cur
1515 1027 1696 1071 vocabu-

317 1108 411 1150 lum
439 1102 628 1161 resugis?
657 1117 735 1144 cur
762 1102 957 1144 velamen
982 1099 1177 1143 obtexis?
1204 1099 1248 1142 Si
1276 1099 1473 1143 illicitum
1503 1092 1590 1149 est,
1616 1113 1696 1165 cur

325 1178 639 1221 incrementum
661 1172 874 1253 requiris?

387 1247 435 1291 L.
470 1246 600 1299 Quod
633 1243 756 1302 pejus
792 1251 878 1293 est,
915 1242 998 1286 hoc
1035 1242 1185 1286 vitium
1218 1242 1502 1299 plurimorum
1535 1250 1622 1292 cst,
1654 1250 1699 1286 et

328 1317 515 1362 maxime
537 1314 733 1363 divitum,
752 1313 906 1371 quibus
923 1313 1006 1356 hoc
1022 1312 1194 1356 nomino
1211 1319 1436 1356 struuntur
1453 1312 1639 1357 cellaria
1654 1302 1704 1357 Si

330 1389 425 1447 quis
447 1385 771 1430 instaurandum
789 1383 1029 1426 convivium
1046 1391 1167 1440 putat
1182 1417 1192 1432 ,
1216 1383 1270 1426 ad
1285 1384 1589 1442 negotiatorem
1607 1383 1700 1427 mit·

331 1459 410 1508 tit,
442 1466 491 1499 ut
513 1453 769 1513 absynthiati
797 1451 908 1509 (85),
938 1454 1150 1510 cupellam
1176 1452 1255 1495 sibi
1276 1454 1406 1511 gratis
1428 1454 1588 1499 deserat
1611 1470 1622 1497 z
1647 1454 1702 1498 ad

331 1540 570 1585 cauponem
594 1523 760 1581 dirigit,
784 1531 833 1565 ut
861 1521 1066 1566 Picenum
1089 1522 1260 1574 vinum,
1294 1533 1367 1567 aut
1388 1516 1619 1583 Tyriacum
1638 1539 1702 1568 re·

326 1599 466 1657 quirat
484 1612 494 1639 ε
521 1597 574 1639 ad
595 1594 757 1637 lanium
771 1627 782 1644 ‚
811 1600 860 1635 ut
877 1595 1045 1636 vulvam
1069 1593 1148 1635 sibi
1166 1602 1366 1651 procuret
1384 1609 1394 1637 ε
1415 1594 1469 1638 ad
1485 1595 1612 1638 alium
1622 1595 1638 1653 ’,ι
1653 1602 1702 1639 ut

328 1683 457 1728 poma
468 1666 546 1710 sibi
559 1667 749 1708 adornet.
772 1665 919 1721 Itaque
932 1663 1245 1706 humanitatem
1253 1663 1447 1722 judicant
1460 1681 1552 1725 quae
1555 1658 1709 1709 alieno

330 1740 523 1799 periculo
544 1744 755 1781 constant.
781 1736 848 1779 Tu
872 1735 1008 1787 bibis,
1035 1743 1078 1778 et
1099 1735 1204 1778 alius
1229 1735 1382 1779 diffluit
1402 1733 1636 1798 lacrymis:
1655 1745 1703 1781 tu

334 1811 545 1870 epularis,
577 1818 620 1853 et
644 1809 746 1851 alios
776 1807 873 1850 cibo
895 1816 969 1850 tuo
991 1808 1257 1865 strangulas:
1286 1815 1334 1850 tu
1354 1807 1605 1872 symphonia
1628 1808 1704 1851 de-

331 1882 530 1931 laetaris,
555 1888 597 1923 et
620 1879 723 1922 alius
745 1878 977 1922 miserabili
994 1879 1186 1936 deplorat
1202 1878 1398 1921 ululatu:
1417 1885 1466 1922 tu
1484 1893 1614 1939 poma
1634 1878 1705 1926 de-

335 1961 499 2013 gu.sta5‚
521 1959 565 1994 et
587 1951 691 1993 alius
713 1949 875 2007 spinam
898 1956 1029 1992 vorat.
1054 1948 1276 2006 Numquid
1292 1947 1497 2011 colligunt
1514 1950 1566 2011 tle
1581 1943 1710 2011 spinis

333 2038 436 2066 uvas
450 2055 461 2072 ,
491 2029 562 2064 aut
589 2022 641 2063 de
658 2019 826 2062 tribulis
848 2018 986 2062 ficus?
1012 2018 1141 2077 Spina
1159 2034 1289 2063 usura
1314 2027 1378 2063 est
1392 2051 1405 2070 ‚
1424 2018 1543 2080 spina
1563 2023 1711 2075 cente-

336 2094 443 2136 sima
464 2100 528 2135 est
541 2124 554 2142 ‚
571 2091 754 2133 tribulus
770 2099 833 2133 cst
848 2089 1008 2140 soenus,
1027 2091 1139 2132 male
1156 2091 1256 2134 urit.
1279 2089 1508 2151 Quomodo
1524 2085 1624 2150 ergo
1640 2105 1713 2150 po-

334 2174 401 2208 tes
423 2163 612 2207 fructum
630 2162 788 2205 hahere
806 2161 859 2204 de
875 2161 1037 2220 spinis?
1059 2160 1103 2203 Si
1120 2160 1200 2204 iste
1221 2161 1386 2205 fructus
1408 2150 1610 2220 de'spinis
1626 2175 1714 2205 non

337 2235 545 2284 nascitur,
565 2234 636 2277 ille
655 2241 855 2277 nascetur
873 2240 1068 2276 aeternus.
1096 2232 1161 2276 De
1176 2233 1376 2276 {erumnis
1399 2231 1544 2276 ditaris
1558 2264 1571 2283 ,
1590 2230 1645 2275 ‘de'
1657 2224 1714 2276 l'a-

338 2305 496 2364 crymis
517 2307 685 2347 lucrum
705 2303 878 2361 quaeris,
900 2305 952 2346 de
972 2302 1085 2346 fame
1109 2303 1244 2346 aliena
1268 2295 1475 2363 pasceris,
1490 2299 1543 2347 de
1555 2302 1715 2347 exuviis

344 2375 676 2434 despoliatorum
693 2374 917 2417 hominum
936 2374 1056 2416 cudis
1081 2383 1333 2432 argentum3
1357 2383 1401 2419 ct
1416 2374 1581 2434 judicas
1596 2383 1638 2419 te
1660 2373 1718 2418 di-

339 2448 498 2497 vitem,
525 2446 596 2504 qui
619 2446 771 2504 stipem
796 2444 937 2503 poscis
961 2460 983 2487 a
1004 2444 1227 2504 paupere?
1250 2445 1336 2489 Sed
1359 2445 1457 2505 audi
1478 2446 1581 2505 quid
1606 2445 1719 2518 dicat

340 2518 561 2563 Salvator:
578 2533 595 2556 (ι
612 2514 687 2560 Vae
705 2515 825 2560 vohis
851 2514 1077 2567 divitibus,
1105 2515 1179 2574 qui
1204 2515 1370 2562 hahetis
1387 2500 1718 2582 consolationem

331 2607 355 2631 2>
367 2595 553 2631 vestram
564 2584 577 2607 ¹
593 2584 612 2628 P
629 2604 644 2626 »

379 2708 392 2724 ³
379 2678 487 2711 ’Lum
506 2687 552 2715 vi,
571 2677 623 2715 24·
