1780 3120
531 288 584 320 nn
614 287 757 320 roma.
796 290 918 322 unna
952 292 1066 323 ιιευε.
1389 271 1482 342 377ζ

113 363 309 426 perfidos.
350 365 588 411 Derelictus
623 369 891 426 expostulat,
922 384 1001 412 cur
1031 370 1088 413 ita
1117 367 1303 428 fugerint
1332 373 1478 417 salutis

113 445 357 488 auctorem,
378 438 498 496 quasi
512 438 755 482 soeneratori
769 454 842 482 eos
859 439 986 482 alicui
1001 440 1208 484 Dominus
1222 442 1479 487 vendidisset

111 509 240 567 digna
270 524 408 567 poena.
443 509 674 553 Dominum
710 510 996 567 relinquentes
1032 510 1194 555 hahent
1224 512 1333 556 servi
1360 515 1478 571 quod

115 579 296 638 amplius
319 595 448 637 qnam
470 580 654 624 carceris
669 595 815 639 poenas
828 588 873 624 et
892 581 1063 625 vincula
1082 582 1360 627 reformident
1377 598 1389 627 ε
1409 584 1483 628 ha·

111 649 218 692 hent
236 650 358 693 liberi
377 652 493 708 quod
512 661 693 710 paveant
709 667 786 710 pro
799 652 1005 695 libertatis
1027 653 1211 696 incuria.-

171 721 360 766 XXXII.
397 722 535 766 Simul
557 723 665 767 illud
685 725 881 774 adverte,
904 725 1022 783 quod
1036 724 1258 769 foenaratio
1278 727 1478 784 praevari-

115 792 293 836 cationis
312 794 489 838 materia
510 794 697 852 judicata
713 795 767 839 sit
791 812 802 837 :
826 797 943 854 quod
957 796 993 839 is
1015 797 1139 840 facile
1154 798 1327 840 recedat
1348 813 1372 840 a
1389 798 1479 841 Do-

115 863 260 914 mino,
289 866 363 922 qui
392 865 635 909 soeneratori
662 882 709 910 se
734 867 921 925 potuerit
944 868 1146 926 obligare.
1178 868 1336 911 Foenus
1361 868 1477 912 enim

115 933 235 976 radix
256 936 492 986 mendacii,
525 951 650 979 causa
681 936 870 995 perfidiae
897 946 974 981 est.
1018 956 1035 978 ι
1060 938 1172 996 Ego,
1205 938 1369 996 inquit,
1402 953 1479 981 vos

114 1018 230 1046 »non
255 1006 426 1048 vendidi
450 1022 461 1048 :
494 1009 570 1050 sed
589 1008 778 1065 peccatis
799 1007 949 1050 vestris
972 1008 1131 1051 venditi
1158 1007 1299 1052 estis¹.
1327 1026 1344 1048 ι
1364 1008 1477 1067 Ergo

116 1074 190 1132 qui
213 1090 259 1118 se
284 1075 527 1122 foeneratori
547 1078 728 1137 obligat,
762 1079 851 1136 ipse
873 1094 919 1121 se
944 1079 1115 1129 vendit;
1144 1087 1190 1123 et
1212 1080 1327 1137 qnod
1355 1079 1478 1138 pejus

115 1153 182 1190 est
193 1178 206 1196 ,
228 1147 373 1191 vendit
390 1163 437 1191 se
455 1164 541 1192 non
562 1164 647 1192 aere
661 1181 674 1198 ,
691 1150 768 1192 sed
784 1150 925 1208 culpa.

118 1298 767 1319 sfflmmmmmw
772 1302 848 1318 w
852 1303 890 1318 Μ
894 1301 1436 1321 ἏΜΜΜΜΜΜΜ
1441 1302 1488 1320 Μ

652 1423 832 1468 CAPUT
862 1426 939 1469 IX.

118 1565 297 1609 Peccata·
310 1565 622 1622 foeneratorcm
633 1566 863 1610 diabolum
877 1582 981 1616 esse,
1003 1567 1082 1623 qui
1100 1567 1334 1610 Salvator-i
1348 1568 1486 1610 otiam

178 1636 257 1679 div
264 1636 368 1679 itia-s
381 1651 485 1680 suas
498 1638 730 1679 ostentarit
747 1654 762 1679 :
780 1637 823 1681 ei
837 1638 1151 1691 faeneratorem
1165 1637 1289 1680 haud
1303 1636 1485 1680 absimi-

181 1707 267 1751 lem
277 1727 296 1760 ,-
319 1719 449 1765 atque
471 1708 637 1751 ibidem
654 1708 706 1751 de
727 1709 968 1752 centesima
980 1724 1152 1758 usaue,
1178 1725 1231 1751 ac
1248 1709 1485 1752 centesima

179 1793 287 1830 ovo;
306 1781 442 1836 dequo
456 1779 686 1822 creditoris
705 1780 887 1822 nomine
907 1779 1024 1835 quod
1037 1779 1126 1822 sibi
1146 1780 1337 1838 imponit
1352 1794 1485 1821 verus

179 1860 376 1894 σταδίαν.

181 1986 387 2031 XXXIII.
424 1986 531 2040 Qms
551 1987 629 2030 iste
645 1985 811 2044 peccati
825 1994 890 2028 est
905 1985 1152 2034 soeuerator,
1174 1986 1254 2029 nisi
1271 1986 1481 2037 diabolus,

126 2072 150 2100 a
164 2071 250 2115 quo
269 2057 356 2100 Eva
371 2066 564 2101 mutuata
580 2066 806 2116 peccatum
830 2056 1024 2099 ohnoxiae
1040 2057 1335 2107 successionis,
1349 2058 1486 2101 usuris

127 2126 401 2172 defoeneravit
415 2143 543 2172 omne
556 2143 689 2186 genus
704 2126 964 2170 humanum¹
979 2126 999 2169 Ξ)
1013 2126 1206 2185 Denique
1221 2127 1340 2185 quasi
1350 2128 1487 2171 malus

125 2196 355 2241 foenerator
364 2198 696 2257 chirographum
717 2198 869 2246 tenuit,
889 2199 1005 2255 quod
1019 2206 1163 2256 postea
1183 2198 1390 2241 Dominus
1410 2213 1486 2242 suo

127 2282 280 2314 cruore
295 2267 461 2312 delevit.
482 2269 651 2312 Etenim
662 2270 778 2327 quod
788 2268 936 2311 mortis
949 2276 1041 2311 erat
1055 2268 1260 2326 scriptum
1278 2267 1484 2327 apicibus,

129 2339 277 2382 debuit
294 2347 434 2383 morte
456 2339 639 2383 dissolvi.
658 2339 909 2383 Foenerator
932 2353 1035 2397 ergo
1057 2338 1265 2381 diabolus.
1294 2339 1490 2396 Denique

127 2408 378 2452 ostendebat
393 2409 599 2453 Salvatori
613 2409 778 2453 divitias
794 2424 890 2452 suas
904 2408 1074 2451 dicens:
1095 2426 1113 2449 ι
1130 2409 1231 2452 Haec
1247 2409 1389 2452 omnia
1411 2410 1491 2453 tibi

130 2496 148 2519 ι
162 2479 288 2530 dabo,
318 2478 352 2523 si
382 2480 608 2541 procidens
638 2479 879 2525 adoraveris
893 2493 965 2524 me
981 2478 1013 2523 ².
1039 2496 1057 2519 ι
1069 2478 1127 2524 At
1156 2494 1258 2523 vero
1283 2480 1491 2529 Dominus

177 2589 188 2605 ¹
209 2581 286 2616 lsai,
302 2592 334 2622 ι,
352 2593 383 2616 ι.
396 2600 438 2610 --
453 2593 467 2609 ⁸
484 2582 569 2619 Vide
586 2583 622 2620 S.
653 2583 789 2631 August.
817 2581 877 2621 lib.
900 2594 911 2618 ι
932 2586 1046 2619 eontra
1061 2581 1130 2620 Jul-
1153 2582 1265 2630 Pelag.
1287 2593 1361 2632 αι).
1385 2595 1438 2621 ιιι.
1451 2601 1495 2614 ι-

134 2636 151 2664 ⁸
165 2635 287 2674 Ιῦὶῑδ.
299 2646 346 2679 lv,
357 2648 390 2683 9.
