1780 3120
339 218 395 262 80
892 224 921 253 s.
964 223 1158 253 mmmm

331 311 393 355 tui
409 342 419 359 ,
438 320 629 367 perversa
651 304 876 349 viderunt,
907 302 986 344 alia
1009 300 1323 344 nuntiaverunt.
1346 298 1453 346 Nam
1477 300 1510 343 si
1528 315 1627 346 Vere
1644 304 1709 348 vi·

337 382 515 428 dissent,
547 376 746 420 vidissent
778 372 1013 415 deformem
1040 370 1277 413 meretricis
1304 369 1528 421 affectum,
1560 372 1710 417 inhor-

340 457 502 493 rentem
522 444 785 504 procaciam,
815 443 1083 485 indecentem
1106 439 1412 498 impudicitiam
1428 473 1439 490 ‚
1471 450 1712 487 marcentes

343 518 537 563 libidines
550 526 565 565 ,¹
584 523 733 557 tetram
756 512 1038 555 colluvionem
1053 543 1063 560 ,
1091 510 1241 552 animae
1263 511 1461 560 vulnera,
1486 511 1710 555 conscien-

343 589 409 631 tiae
427 585 654 630 cicatrices.
676 582 789 636 «Qui
812 582 984 631 viderit,
1014 580 1176 638 inquit,
1213 581 1436 637 mulierem
1466 583 1520 624 ad
1553 597 1710 627 concu-

342 658 619 716 »piscendum
636 653 772 697 eam¹.
795 653 950 696 »Vides
976 651 1091 709 quod
1113 651 1190 693 iste
1218 650 1371 694 falsum
1394 653 1608 710 quaesivit,
1629 654 1709 712 qui

341 743 427 772 non
460 726 703 775 veritatem,
743 725 816 766 sed
854 722 1106 765 adulterium
1135 722 1365 779 requisivit.
1404 723 1558 767 Videre
1593 726 1708 769 enim

343 797 530 855 quaesivit
566 804 612 838 ut
648 794 990 852 concupisceret,
1026 808 1111 834 non
1145 800 1192 835 ut
1223 808 1372 835 verum
1407 804 1703 853 cognosceret.

342 866 464 909 Errat
486 865 612 922 igitur
638 866 807 912 oculus,
834 863 908 905 ubi
929 871 1040 905 errat
1068 862 1255 906 affectus.
1291 863 1481 908 Affectus
1509 881 1610 924 ergo
1640 868 1709 910 de·

342 934 478 993 ceptio
500 942 584 984 est,
606 934 799 991 deceptio
818 933 941 976 visus.
963 933 1013 974 Et
1036 932 1130 974 ideo
1153 933 1229 975 tibi
1252 933 1408 977 dicitur
1428 950 1464 977 ε(
1488 935 1550 978 Ne
1572 936 1710 994 capia-

332 1006 417 1048 »ris
442 1005 572 1048 oculis
606 1003 732 1053 tuis²,
748 1004 821 1046 »id
837 1012 923 1053 est,
961 1019 1046 1046 non
1079 1004 1270 1062 capiatur
1292 1005 1431 1048 anima
1463 1013 1547 1050 tua.
1569 1023 1585 1046 a
1612 1007 1709 1050 Mu-

338 1076 447 1120 »lier
482 1075 594 1118 enim
628 1074 815 1117 virorum
843 1075 1046 1132 pretiosas
1082 1074 1241 1118 animas
1278 1075 1467 1134 capit³.»
1499 1077 1708 1136 Deceptio

339 1155 403 1189 est
442 1146 621 1188 auditus.
656 1145 848 1202 Denique
882 1146 1173 1189 blandimento
1213 1149 1349 1190 multo
1380 1148 1586 1191 sermonis
1616 1163 1709 1191 mu·

338 1217 416 1261 lior
450 1216 672 1259 fornicaria
706 1231 813 1274 saepe
858 1215 1020 1271 juvenis
1065 1231 1140 1259 cor
1185 1217 1373 1270 seduxit,
1424 1219 1619 1278 decepit,
1663 1219 1709 1263 il-

342 1286 478 1330 lusitk.

400 1356 510 1399 XLI.
533 1356 642 1414 Ergo
660 1372 745 1399 non
765 1357 923 1414 laqueis
941 1372 1020 1400 nos
1045 1359 1268 1401 credamus
1300 1366 1342 1400 et
1362 1357 1524 1401 retibus
1542 1357 1592 1402 iis
1608 1374 1703 1417 quae

340 1425 554 1484 decipiunt
575 1434 617 1468 et
639 1427 845 1474 illudunt;
870 1426 965 1483 quia
985 1427 1114 1468 corda
1140 1434 1384 1478 tentantur,
1410 1429 1702 1488 impediuntur

337 1496 609 1553 cogitationes
629 1529 639 1546 ,
658 1512 750 1554 quae
767 1496 1057 1555 impediuntur
1078 1497 1190 1547 visu,
1216 1498 1508 1557 impediuntur
1527 1501 1698 1551 auditu,

338 1566 468 1608 odore
483 1600 493 1616 ,
514 1575 626 1609 tactu
641 1599 652 1616 ,
676 1582 836 1625 sapore.
860 1567 952 1610 Non
982 1583 1207 1625 sequamur
1229 1569 1478 1613 illecebrosa
1494 1577 1537 1613 et
1553 1572 1702 1613 seduc-

339 1637 446 1679 toria
467 1653 476 1679 :
497 1638 571 1680 sed
596 1652 822 1695 sequamur
843 1638 945 1680 illud
962 1640 1077 1696 quod
1103 1638 1265 1681 bonum
1291 1647 1377 1690 est,
1399 1639 1460 1683 illi
1484 1640 1702 1684 adhaerea-

339 1722 459 1756 mus,
481 1708 584 1749 illud
601 1707 842 1757 imitemur,
867 1707 978 1750 illius
1004 1709 1247 1767 praescntia,
1273 1710 1383 1754 illius
1406 1712 1688 1755 communica·

335 1777 394 1819 tio
427 1793 502 1819 nos
531 1778 725 1820 meliores
766 1778 890 1821 faciat
906 1811 917 1827 ‚
962 1794 1101 1822 mores
1144 1788 1310 1823 nostros
1353 1782 1540 1830 coloret,
1587 1781 1700 1826 illius

337 1848 529 1904 quaedam
548 1863 622 1891 nos
645 1848 821 1891 societas
853 1848 1062 1892 informet.
1091 1850 1175 1901 Qui
1198 1851 1312 1893 enim
1337 1852 1452 1895 bono
1485 1852 1696 1904 adhaeret,

336 1917 508 1959 assumit
535 1917 632 1961 inde
659 1921 774 1976 quod
798 1920 959 1963 bonum
985 1928 1070 1970 est3
1099 1921 1195 1978 quia
1214 1922 1418 1980 scriptum
1445 1930 1532 1966 est:
1549 1940 1566 1962 α
1588 1923 1698 1967 Cum

335 1995 510 2030 »sancto
539 1999 706 2031 sanctus
745 1992 906 2040 eris,et
925 2007 1023 2034 cum
1045 1994 1181 2035 electo
1211 1994 1371 2036 electus
1393 1993 1500 2043 eris,
1531 2002 1575 2037 et
1598 2009 1698 2037 cum

335 2073 559 2116 »perverso
597 2074 817 2116 perversus
850 2060 930 2103 eris
945 2095 955 2111 ,
996 2069 1039 2104 et
1073 2077 1171 2104 cum
1213 2063 1440 2106 innocente
1490 2063 1698 2107 innocens

335 2128 488 2171 »eris⁵.
521 2129 803 2172 »Assiduitate
830 2130 941 2172 enim
964 2139 1087 2188 atque
1110 2132 1344 2177 imitatione
1361 2135 1555 2192 quaedam
1585 2133 1700 2177 simi-

334 2196 523 2240 litudinis
544 2197 680 2256 imago
707 2199 924 2244 formatur.
958 2202 1142 2259 Ideoque
1168 2204 1330 2247 addidit
1350 2220 1360 2247 :
1377 2222 1393 2244 α
1413 2204 1627 2258 Quoniam
1649 2212 1698 2248 tu
1734 2223 1737 2225 ·

334 2267 572 2310 »illuminas
606 2270 823 2313 lucernam
860 2287 998 2314 meam
1017 2305 1028 2322 ,
1051 2273 1270 2317 Domine⁶.
1292 2275 1490 2319 »Etenim
1519 2276 1592 2333 qui
1628 2290 1698 2334 ap-

331 2338 584 2395 propinquat
610 2341 781 2390 lumini,
801 2341 923 2385 citius
947 2343 1232 2394 illuminatur,
1252 2354 1294 2388 et
1310 2347 1404 2404 plus
1427 2346 1469 2388 in
1485 2361 1536 2389 eo
1559 2346 1698 2404 splen-

331 2410 410 2450 dor
443 2410 588 2452 aeterni
610 2412 780 2455 luminis
810 2414 985 2472 refulget
1010 2430 1034 2457 e
1072 2416 1278 2473 proximo.
1306 2417 1416 2476 Ergo
1445 2417 1582 2461 anima
1601 2431 1698 2474 quae

377 2517 387 2533 ¹
410 2509 528 2542 Maith.
548 2521 577 2547 v.
597 2511 646 2544 28.
666 2531 707 2537 ——
722 2523 734 2537 ⁸
752 2514 852 2547 Prov.
868 2526 913 2553 vi,
933 2517 971 2548 25
999 2533 1037 2541 —
1053 2516 1157 2549 ³1bid
1173 2517 1225 2551 26.
1239 2535 1276 2543 --
1298 2520 1311 2546 ⁴
1330 2517 1452 2555 Id.vn‚
1465 2517 1594 2551 21.—⁸
1607 2515 1694 2549 Psal.

331 2570 415 2601 xvix,
440 2563 492 2603 26,
513 2574 562 2606 27·
583 2582 619 2589 -—
638 2567 652 2589 ⁶
673 2566 757 2599 lbid.
776 2579 826 2611 29.
