1780 3120
317 249 401 296 352
865 261 896 288 s.
935 257 1126 289 sunnosn

310 350 401 385 tum
415 372 428 390 ‚
446 339 530 383 hoc
549 347 640 388 est,
670 338 868 381 adversus
888 335 1086 393 nequitiae
1102 332 1299 392 spiritalis
1316 331 1537 391 Assyrium
1550 365 1561 382 ,
1584 332 1680 376 ina-

308 426 406 455 nem
421 425 470 453 ac
482 423 635 452 vanum
649 407 887 466 principem
904 405 1022 449 istius
1038 404 1205 453 mundi,
1221 403 1276 447 ita
1290 402 1418 462 coepit
1433 419 1442 444 :
1459 421 1475 442 α
1486 402 1620 447 Notus
1634 402 1678 447 in

306 499 323 522 n
335 478 361 523 J
366 479 482 523 udaea
495 479 608 523 Deus
617 495 628 529 ς
641 497 656 518 n
669 477 752 521 hoc
763 486 842 526 est,
855 475 995 520 nonin
1008 474 1223 524 divitibus,
1239 473 1378 517 nonin
1390 473 1622 524 nobilibus,
1635 480 1679 517 et

307 550 350 595 in
378 551 645 610 potentibus:
677 549 805 592 sedin
823 547 962 591 anima
979 546 1211 590 confitente
1225 553 1351 589 notus
1367 554 1432 588 est
1449 546 1575 589 Deus.
1595 563 1612 585 α
1626 544 1680 589 Et

309 640 326 663 n
340 621 383 665 in
402 621 530 664 lsrael
550 634 770 678 magnum,
794 618 946 676 inquit,
971 632 1129 660 nomen
1149 616 1240 674 ejus
1256 632 1265 658 :
1281 635 1296 655 n
1313 631 1397 659 non
1421 616 1463 659 in
1481 615 1682 676 principi-

309 692 390 737 bus
406 699 449 734 et
464 691 727 739 consulibus,
745 687 819 732 sed
835 688 879 731 in
894 703 945 730 eo
968 688 1040 745 qui
1056 688 1196 730 Deum
1215 687 1352 736 videm
1377 686 1467 745 ipse
1486 695 1550 730 est
1566 686 1682 730 enim

311 762 464 810 Israel,
497 760 541 803 in
569 774 653 818 quo
676 757 887 818 profunda
914 756 1019 800 fides
1046 758 1099 800 ad
1121 757 1408 816 cognitionem
1438 756 1516 800 Dei
1544 756 1682 816 potuit

311 831 547 891 pervenire.

375 902 508 947 LXII.
555 917 572 940 «
590 900 643 943 Et
663 898 798 943 sactus
815 906 896 947 cst,
915 897 1068 954 inquit,
1092 896 1134 951 in
1158 911 1262 955 pace
1282 896 1402 939 locus
1422 896 1533 954 ejus¹
1553 912 1564 941 ε
1581 896 1684 940 nubi

313 973 479 1031 quietus
506 970 680 1015 affectus
707 969 835 1013 nullis
862 969 1120 1011 diversarum
1147 966 1427 1025 cupiditatum
1450 966 1684 1026 exagitatur

311 1043 530 1092 fluctibus,
551 1041 677 1086 nullis
695 1039 877 1083 avaritiae
900 1038 1097 1081 turbatur
1118 1038 1331 1096 procellis,
1352 1038 1479 1080 nullis
1496 1053 1685 1096 quaeren·

314 1115 464 1158 <larum
478 1112 719 1156 divitiarum
735 1109 907 1169 ignoscit
926 1108 1145 1151 incendiis.
1171 1109 1264 1166 Ipse
1275 1116 1338 1151 est
1353 1108 1424 1166 qui
1442 1110 1686 1167 speculatur

315 1191 490 1230 aeterna.
517 1189 559 1225 ct
581 1181 744 1224 habitat
767 1179 808 1222 in
831 1179 949 1228 Sion,
975 1178 1244 1237 confringens
1268 1178 1408 1221 omnia
1433 1179 1686 1238 spiritalium

315 1253 596 1297 instrumenta
628 1252 867 1299 bellorum,
901 1257 1126 1293 conterens
1153 1265 1276 1292 arcus
1309 1250 1464 1307 quibus
1492 1250 1685 1294 diabolus

316 1322 447 1382 ignita
470 1322 654 1380 dirigens
683 1321 839 1379 jacula,
876 1335 1022 1379 graves
1053 1319 1298 1378 pectoribus
1329 1319 1552 1364 hominum
1581 1323 1687 1365 solet

318 1393 486 1437 inurere
497 1386 724 1451 passiones.
747 1390 832 1434 Sed
848 1390 927 1433 illa*
934 1390 1073 1448 jacula
1091 1389 1204 1448 justo
1219 1406 1374 1433 nocere
1390 1406 1475 1434 non
1491 1398 1684 1450 possunt,

315 1462 386 1506 cui
404 1457 518 1506 Deus
538 1463 612 1506 lux
631 1469 710 1512 est,
734 1469 987 1519 tantumque
1009 1460 1132 1504 abest.
1154 1475 1177 1503 a
1204 1460 1480 1519 caligantium
1509 1461 1689 1506 horrore

314 1534 605 1582 tenebrarum,
623 1540 672 1574 ut
688 1531 952 1575 adversarius
971 1531 1014 1574 in
1030 1547 1081 1574 eo
1097 1533 1243 1575 locum
1258 1531 1420 1575 habere
1436 1547 1522 1575 non
1538 1533 1700 1592 possit,'

316 1604 389 1662 qui
411 1603 540 1647 etiam
559 1602 822 1663 principibus
842 1618 885 1644 se
902 1601 1121 1645 consuevit
1138 1601 1384 1651 insundere;
1405 1601 1515 1646 sicut
1533 1602 1691 1647 infudit

318 1673 440 1718 Judae
457 1671 681 1732 proditori,
701 1672 932 1715 concidens
947 1680 1151 1730 tanquam
1170 1672 1213 1714 in
1233 1673 1348 1730 sylva
1363 1672 1575 1731 lignorum
1591 1672 1691 1717 fidei

316 1744 488 1804 januas3
516 1752 561 1787 ut
584 1744 627 1786 in
651 1759 725 1786 cor
744 1743 836 1801 ejus
858 1743 1036 1788 haberet
1057 1744 1310 1802 ingressum,
1333 1751 1376 1787 et
1391 1744 1540 1788 aeterni
1557 1745 1691 1790 nomi-

316 1815 382 1858 nis
409 1815 733 1858 tabernaculum
763 1813 1021 1872 pessideret,
1051 1815 1310 1872 apostolatus
1340 1814 1483 1858 collati
1511 1829 1692 1858 munere

318 1885 721 1944 dedicatum.‘E1-g0
752 1885 821 1928 ille
850 1885 968 1943 quasi
995 1886 1214 1944 improbus
1244 1893 1472 1945 usurpator
1502 1882 1691 1930 concidit

318 1955 486 2015 januas,
507 1964 557 1999 ut
575 1955 787 1999 violentus
815 1955 997 1998 introeat
1017 1972 1027 1997 ε
1053 1955 1262 1999 Dominus
1283 1959 1428 2003 autem
1451 1956 1570 2015 quasi
1596 1957 1690 2015 pius

320 2027 502 2072 illustrat
518 2028 721 2076 servulos,
741 2035 949 2070 eteorum
964 2026 1225 2086 fulgentibus
1241 2026 1421 2089 meritis,
1441 2036 1485 2070 et
1501 2027 1691 2071 claritate

317 2099 523 2143 virtutum
552 2098 749 2141 tenebras
785 2097 935 2150 mundi
964 2096 1093 2154 hujus
1116 2096 1341 2143 illuminat.
1375 2091 1496 2142 lla‘nc
1522 2095 1691 2158 pacifici

320 2168 446 2227 atque
467 2168 675 2226 mansueti
696 2167 856 2210 habent
874 2168 987 2225 apud
1003 2167 1141 2209 Deum
1159 2166 1355 2225 gratiam,
1378 2167 1519 2211 sobria
1537 2167 1690 2212 mentis

321 2255 406 2284 suae
422 2239 723 2298 tranquillitate
735 2237 901 2282 fundati
919 2253 930 2280 τ
951 2237 1198 2296 insipientes
1214 2246 1357 2281 autem
1374 2239 1504 2284 corde
1519 2240 1692 2284 turban-

320 2319 406 2362 tur,
429 2319 472 2354 et
494 2310 572 2369 ipsi
593 2310 672 2353 sibi
692 2317 793 2353 sunt
816 2304 998 2372 propriae
1018 2309 1311 2367 exagitationis
1333 2318 1556 2361 auctorem
1591 2311 1690 2370 quia
1743 2300 1746 2303 ¹

321 2381 631 2425 desideriorum
669 2394 845 2425 suorum
875 2387 982 2425 aestu
1015 2381 1259 2430 volvuntur,
1298 2389 1342 2424 et
1378 2381 1565 2440 quodam
1602 2382 1691 2427 salo

320 2451 546 2499 fluctuant.
1113 2457 1116 2461 '

367 2548 381 2574 ,ι
398 2539 484 2576 Psal.
502 2549 599 2579 xxxv,
613 2539 649 2574 Ξ.
1585 2584 1596 2603 s
