1780 3120
347 261 430 312 264
558 258 560 260 ’
887 268 917 295 s.
959 267 1149 296 amenesii

338 350 591 395 dictionibus
620 347 705 389 suis
738 345 907 388 dicens:
934 334 1219 386 «Benedictus
1242 358 1262 385 a
1287 341 1383 385 filiis
1407 342 1527 394 Aser,
1559 352 1602 388 et
1623 345 1705 388 erit

340 441 356 461 n
371 428 565 478 acceptus
583 435 605 461 a
620 416 818 460 fratribus
835 415 944 463 suis;
963 423 1006 457 et
1023 414 1200 472 intinget
1218 414 1259 456 in
1276 415 1370 457 oleo
1388 416 1541 473 pedem
1558 410 1703 469 suum}

340 498 411 533 »et
431 490 606 538 ferrum,
632 496 674 530 et
693 493 967 529 aeramentum
990 493 1054 527 est
1080 486 1418 527 calceamentum
1441 485 1545 543 ejus.
1573 485 1631 543 Et·
1647 486 1706 540 si-⁴

287 609 291 612 .
338 580 355 601 ι
368 568 440 604 cut
456 561 543 602 dies
560 559 621 602 tui
638 567 750 607 sunt,
765 557 824 599 sic
839 564 964 599 erunt
980 555 1155 598 virtutes
1171 564 1268 598 tuae.
1291 555 1383 599 Non
1402 564 1467 599 est
1481 555 1706 615 quisquam

341 632 481 675 »sicut
509 639 572 675 est
602 631 714 673 Deus
751 638 848 671 tuus
878 628 920 670 in
954 628 1078 677 coelo,
1117 627 1286 684 adjutor
1317 635 1432 678 tuus,
1462 635 1505 671 et
1529 643 1707 688 magnus

341 721 358 742 n
372 701 567 745 dominus
593 699 846 742 firmamenti
866 715 875 739 ε
899 706 942 741 et
965 706 1192 756 protegens
1213 704 1255 739 te
1277 697 1390 741 Deus
1416 697 1550 748 initii,
1569 705 1612 741 et
1632 713 1708 758 per

343 773 480 816 »vires
507 771 779 814 brachiorum
813 769 1049 827 potentium
1070 767 1198 825 ejecit
1220 783 1241 810 a
1263 767 1370 811 facie
1392 777 1464 812 tua
1487 769 1709 813 inimicum

347 862 363 883 »
379 852 515 891 tuum,
544 842 688 884 dicens
709 857 718 882 :
747 839 905 882 Pereat.
933 839 986 881 Et
1007 838 1261 882 inhabitabit
1282 831 1412 883 Israe‘i
1434 838 1570 883 fidens
1596 841 1709 883 solus

344 932 360 953 »
374 920 671 971 superterram
692 928 701 952 :
725 911 861 954 Jacob
888 911 931 953 in
954 910 1168 953 frumento
1191 919 1234 954 et
1256 911 1376 960 vino;
1399 919 1442 954 et
1462 912 1618 954 coelum
1634 911 1710 955 tibi

342 1001 358 1022 n
372 997 470 1025 cum
491 983 646 1026 nebula
670 981 776 1024 roris
798 980 920 1024 erit¹.
947 1000 962 1021 »

348 1136 1715 1153 mffllmmmmmmffssussmmmflumfiffflnmmwwm

892 1254 1071 1299 CAPUT
1103 1256 1158 1299 X.

350 1393 708 1436 Remedio-tionem
726 1391 1036 1451 Nephthalim‚
1055 1392 1262 1453 fidelium
1282 1394 1480 1446 Christo,
1500 1404 1718 1452 tanquam

408 1464 496 1507 vici
517 1463 747 1522 palmites,
771 1463 1054 1516 haerentium,
1074 1476 1115 1508 et
1135 1466 1292 1509 mortis
1315 1467 1510 1511 vinealis
1523 1468 1719 1511 exoluta-¹

411 1549 513 1579 rum
536 1535 780 1595 imaginem
802 1551 900 1579 esse.

416 1670 526 1715 XLI.
576 1671 880 1715 «NErn‘rnAmM
903 1671 995 1715 vitis
1017 1672 1207 1722 remissa,
1233 1659 1452 1731 porrigens
1474 1671 1517 1715 in
1533 1671 1722 1731 germine

358 1761 374 1783 n
389 1742 625 1786 decorem².
643 1761 659 1783 »
674 1742 942 1786 Sarmentum
959 1743 1052 1787 vitis
1071 1743 1184 1786 aliud
1202 1752 1461 1802 amputatur,
1479 1744 1596 1800 quod
1611 1742 1724 1786 vide-

357 1822 427 1856 tur
451 1813 615 1863 inutile,
639 1829 692 1856 ne
719 1829 834 1856 cassa
856 1814 949 1857 vitis
972 1823 1283 1858 sarmentorum
1307 1814 1567 1858 exultatione
1597 1815 1724 1858 luxu-

357 1885 438 1929 riet
456 1901 465 1928 ε
487 1893 528 1928 et
545 1884 656 1928 aliud
673 1886 884 1945 paulisper
901 1886 1115 1928 recidetur
1132 1901 1181 1928 ac
1198 1886 1455 1936 remittetur,
1473 1894 1520 1928 ut
1535 1884 1724 1928 fructum

367 1955 527 2006 afferat,
556 1955 678 2013 cujus
708 1956 836 1999 decus
867 1956 910 1999 in
932 1956 1203 2015 generatione
1228 1956 1478 2015 porrigitur3
1502 1956 1599 2014 quia
1622 1957 1725 2000 dum

376 2028 430 2069 ad
449 2042 631 2084 superna
649 2042 693 2070 se
709 2027 901 2086 subrigit,
926 2027 1056 2071 vitem
1078 2028 1366 2087 amplectitur,
1390 2036 1432 2071 et
1456 2029 1509 2071 ad
1528 2027 1732 2071 verticem

369 2099 615 2148 ascendens,
652 2098 741 2156 jugi
777 2100 970 2156 quaedam
1007 2100 1114 2141 colla
1150 2099 1301 2142 vitium
1340 2098 1511 2158 pretiosi
1542 2098 1726 2158 palmitis

363 2169 486 2213 vestit
506 2170 668 2213 monili.
697 2171 771 2213 Est
790 2178 833 2214 et
853 2171 923 2213 ille
945 2172 1075 2214 decus
1096 2171 1139 2214 in
1161 2171 1450 2230 generatione,
1471 2169 1569 2229 quia
1592 2170 1726 2229 plenis

368 2240 611 2300 palmitibus
636 2242 791 2283 multos
811 2241 844 2284 fr
853 2250 975 2285 uetus
995 2244 1193 2286 exundet.

422 2311 554 2356 XLII.
589 2312 802 2355 Decorum
831 2314 930 2364 hoc,
957 2316 1031 2357 sed
1058 2317 1193 2359 multo
1218 2314 1323 2358 illud
1345 2314 1588 2374 pulchrius,
1613 2311 1729 2371 quod

362 2382 592 2425 haerentem
613 2383 830 2440 palmitem
852 2385 924 2427 viti
947 2384 1158 2443 significat
1178 2386 1371 2444 spiritali,
1394 2385 1519 2444 cujus
1540 2399 1617 2428 nos
1637 2398 1723 2427 sar·

370 2457 562 2495 mentum
575 2467 735 2501 sumus,
748 2463 790 2496 et
805 2455 990 2498 fructum
1006 2455 1156 2500 afferre
1174 2472 1414 2515 possumus,
1433 2457 1468 2501 si
1484 2469 1728 2500 maneamus

370 2522 412 2565 in
430 2522 537 2565 vite:
563 2522 627 2565 sin
647 2531 802 2573 autem,
827 2525 1110 2584 praecidimur.

415 2621 426 2637 ¹
448 2613 547 2651 Dent.
564 2625 678 2653 xxxin,
698 2614 809 2655 24-28.
836 2634 876 2643 —
893 2627 905 2642 ²
923 2618 1005 2653 Gen.
1021 2628 1108 2660 xmx,
1126 2627 1176 2651 ιι.
