1780 3120
317 245 404 306 378
868 256 902 287 s.
941 246 1133 289 amnesi}

314 335 633 397 siucrepatione'
661 334 769 394 ejus.
800 331 968 381 Virtute
993 336 1258 397 compescuit
1277 350 1395 381 mare
1417 370 1428 388 ,
1457 333 1676 398 diseiplina

313 420 331 453 t
345 415 485 454 autem
497 407 620 452 struit
635 412 776 451 cetum
793 407 934 452 maris.
954 407 1146 452 Claustra
1161 408 1257 452 coeli
1267 408 1544 453 reformidant
1552 409 1673 453 euni:

312 486 554 541 »p'raeeepto
577 477 849 522 mortificavit
871 479 1104 522 draconem
1127 477 1679 538 praevaricatorem-Virtu-

310 555 428 596 »t'em
446 549 623 594 tonitrui
638 545 730 608 ejus
753 548 845 608 quis
867 548 1064 609 intelligit
1078 548 1119 592 ¹?
1140 567 1156 590 »
1170 549 1217 592 In
1239 549 1366 593 tantis
1386 562 1487 608 ergo
1508 548 1676 610 flagitiis

323 611 463 678 «Quae
492 637 586 682 spes
616 621 746 680 impio
772 619 866 664 est?
897 620 1116 679 Numquid
1142 621 1177 664 si
1207 619 1386 665 confidit
1413 621 1461 668 ‚in
1491 621 1675 666 Domino

311 679 599 739 manniatur?
621 692 791 743 Dicam,
827 692 995 750 inquit,
1026 691 1146 736 vobis
1169 692 1272 751 quid
1292 692 1346 736 sit
1365 692 1408 736 in
1429 694 1560 737 mana
1587 692 1676 738 no-

312 762 471 809 nmini²
484 780 496 814 ς
514 769 584 807 oet
606 762 785 806 desinite
807 762 1005 806 inanibus
1023 763 1161 806 inania
1185 763 1353 819 addere.

368 823 490 881 XXI.
526 834 578 877 Et
606 833 807 877 describit
833 849 962 892 quam
990 835 1242 878 miserabilis
1272 834 1502 894 impiorum
1534 836 1673 895 portio

312 908 378 952 sit.
402 906 531 960 Quod
547 904 625 949 etsi
642 906 783 965 plures
799 905 986 949 habeant
1006 905 1136 970 filios,
1159 906 1248 950 sine
1269 905 1515 971 posteritate
1532 905 1672 958 sunt⁸,

310 978 464 1037 quibus
485 977 604 1021 deest
620 977 831 1020 bonorum
847 977 1098 1020 meritorum
1117 977 1340 1020 successio.
1364 977 1438 1020 Illa
1450 977 1563 1022 enlm
1581 977 1674 1022 vera

309 1048 532 1110 posteritas
546 1081 557 1098 ,
581 1063 674 1106 quae
695 1063 780 1091 non
804 1047 846 1091 in
867 1048 1006 1098 terris,
1027 1048 1102 1091 sed
1124 1047 1166 1091 in
1190 1048 1298 1091 coelo
1321 1055 1396 1092 est.
1418 1047 1674 1106 Huiusmodi

311 1134 412 1180 ergo
432 1119 529 1163 viris
557 1118 779 1162 haereditas
806 1118 947 1177 inopia
980 1127 1068 1169 est,
1097 1127 1140 1162 et
1166 1134 1281 1162 mors
1303 1118 1530 1163 successio.
1564 1116 1674 1164 cum

312 1190 474 1234 divitias
506 1189 848 1233 coacervaverint
865 1222 876 1240 ‚
903 1189 1210 1233 mendicabunt
1220 1206 1232 1239 3
1265 1189 1363 1247 quia
1386 1203 1485 1233 cum
1515 1192 1674 1235 mortui

310 1260 469 1305 fuerint
490 1292 501 1310 ,
533 1260 815 1317 indigebunt,
846 1259 917 1317 qui
940 1261 1130 1318 requiem
1155 1259 1344 1303 invenire
1370 1272 1455 1303 non
1478 1270 1666 1320 possunt.

307 1320 466 1376 Viduas
481 1339 780 1373 eorum-nemo
801 1331 1074 1374 miserabitur
1098 1346 1107 1373 :
1129 1331 1203 1374 sed
1229 1332 1464 1375 manebunt
1489 1333 1669 1384 deserti,

308 1406 434 1460 atque
453 1400 592 1444 omnis
609 1403 772 1460 copulae
789 1400 937 1444 solatio
964 1402 1166 1445 destituti.
1190 1402 1278 1445 Etsi
1296 1408 1579 1462 congregetur
1595 1418 1673 1464 pe—

304 1471 429 1515 cunia
452 1470 562 1513 sicut
587 1478 723 1521 terra,
752 1479 877 1529 atque
899 1481 947 1515 ut
968 1473 1109 1516 lutum
1136 1479 1421 1532 praeparatutn
1445 1472 1573 1517 fuerit
1593 1479 1673 1518 au-

303 1556 401 1584 rum
421 1573 432 1590 ,
460 1540 596 1584 inanis
618 1540 698 1584 erit
719 1542 830 1585 sicut
857 1558 1008 1586 aranea
1031 1543 1265 1587 substantia
1282 1558 1456 1595 eorum,
1481 1550 1524 1589 et
1543 1551 1671 1591 omne

304 1610 489 1656 nominis
511 1626 661 1655 eorum
682 1612 986 1671 patrimonium
1009 1624 1211 1673 tanquam
1227 1631 1250 1659 a
1267 1615 1390 1659 tineis
1407 1625 1672 1660 consumma—

302 1683 433 1729 bitur.
454 1681 678 1727 Dormiens
701 1682 815 1727 dives
838 1684 946 1728 nihil
966 1685 1163 1742 adjiciet,
1190 1686 1355 1745 aperuit
1376 1687 1524 1730 oculos
1544 1693 1642 1731 suos
1656 1722 1667 1739 ,

302 1759 347 1798 'et
368 1752 457 1813 jam
481 1764 569 1797 non
596 1761 671 1797 est.
703 1752 931 1799 Permanet
959 1756 1002 1799 in
1030 1757 1260 1801 doloribus.
1298 1756 1413 1801 Nihil
1437 1766 1537 1817 ergo
1568 1756 1667 1802 sunt

302 1825 443 1869 omnia
459 1835 553 1884 quae
574 1825 617 1868 in
637 1823 720 1869 hoe
735 1828 898 1870 mundo
915 1836 1027 1872 sunt.
1049 1827 1215 1889 Aurum
1238 1828 1281 1872 in
1300 1828 1498 1878 metallis,
1525 1836 1670 1888 argen-

300 1905 393 1941 tum
408 1895 452 1939 in
470 1896 650 1940 metallis
675 1912 685 1938 :
706 1898 758 1940 de
773 1899 945 1941 metallo
963 1899 1144 1949 eruitur,
1168 1899 1269 1943 etin
1288 1900 1508 1943 metallum
1525 1904 1669 1962 revel?

301 1964 446 2011 titur⁶.
485 1966 601 2020 Quid
631 1967 745 2011 enim
780 1969 895 2013 aliud
927 1969 1006 2013 nisi
1034 1972 1256 2014 metallum
1284 1978 1348 2015 est
1371 1978 1493 2015 mens
1523 1963 1669 2016 avari?

301 2034 407 2091 Quae
433 2035 635 2096 tanquam
663 2039 875 2083 defossum
907 2050 1025 2085 tenet
1052 2042 1261 2100 quidquid
1286 2041 1522 2102 receperit,
1555 2049 1600 2086 et
1623 2040 1667 2086 in

299 2108 418 2152 venis
447 2117 569 2153 terrae
595 2125 644 2153 ac
671 2111 858 2155 latibulis
883 2113 1105 2156 abscondit
1121 2130 1133 2163 3
1166 2129 1217 2157 eo
1249 2115 1365 2172 quod
1389 2113 1452 2157 uti
1486 2111 1660 2158 neseiat.

300 2176 503 2232 Quotidie
525 2194 677 2223 aurum
705 2182 757 2225 de
786 2182 966 2226 metallis
989 2184 1229 2242 promitur:
1256 2185 1309 2229 de
1331 2194 1455 2229 avaro
1475 2184 1665 2245 proferre

298 2247 393 2308 'qui's
407 2248 576 2309 potuit?
1576 2263 1577 2266 ’

358 2311 499 2364 XXH.
540 2320 650 2364 Cum*
672 2321 799 2381 igitur
827 2319 934 2368 nihil
959 2325 1094 2383 prosit
1122 2341 1228 2370 vana
1253 2326 1384 2371 fames
1405 2324 1497 2370 auri
1522 2360 1534 2377 ,
1565 2325 1663 2386 quia

296 2389 505 2449 quidquid
527 2393 871 2452 congregaverit,
898 2396 1056 2440 labitur
1071 2413 1084 2446 ;
1119 2397 1348 2449 miserandi
1374 2393 1568 2458 prolecto
1588 2396 1662 2456 qui

296 2460 577 2516 deseruerunt
600 2463 711 2508 viam
732 2460 888 2524 justam
906 2499 918 2518 ,
936 2474 979 2511 et
1000 2463 1120 2512 o’bliti
1143 2476 1240 2511 sunt
1261 2478 1378 2521 eam,
1403 2468 1473 2512 cui
1487 2466 1662 2530 pretiosi

343 2575 353 2589 ¹
369 2548 445 2597 job·
465 2547 558 2609 xxvi,
574 2567 667 2608 6-14.
683 2585 723 2597 --
740 2577 754 2596 ·
770 2568 824 2604 Id.
840 2569 1112 2609 xxvu‚8-11.—
1128 2570 1373 2612 ³1bid,14.-
1394 2571 1472 2608 ⁴1d.
1494 2581 1612 2613 xxvm,
1629 2581 1659 2612 ι,

291 2623 324 2658 et
339 2628 429 2665 seqq.
1565 2640 1569 2642 .
