1780 3120
352 242 419 271 ,ο
906 234 938 261 S.
978 231 1169 260 Amnnosu

354 319 494 364 flonec
520 328 666 359 vocem
688 311 779 369 ejus
801 309 1004 367 accipiat,
1029 317 1072 351 et
1094 309 1358 367 praesentiam
1381 311 1473 369 ejus
1495 314 1718 367 amessian

348 389 450 447 quia
478 385 674 444 quaesitus
700 396 784 424 non
816 381 953 421 solum
979 378 1110 426 venit,
1139 379 1214 421 sed
1235 379 1363 431 etiam
1394 381 1546 428 saliens
1571 372 1717 429 Venit:

363 478 384 500 «
398 459 557 502 Saliens
590 468 716 512 super
748 458 913 493 montes
927 482 939 500 ,
978 456 1020 491 et
1055 448 1293 492 transiliens
1331 465 1460 510 super
1498 454 1669 499 colles‘.
1692 474 1710 499 υ

347 529 490 586 Super
509 524 680 582 majoris
702 520 844 580 gratiae
866 519 1025 562 animas
1048 519 1158 569 salit,
1183 519 1394 564 inferioris
1416 524 1611 568 transilit.
1640 524 1722 573 Vel

344 600 413 642 sic
433 614 441 640 :
469 597 618 640 saliens
642 592 855 651 quomodo
877 589 1023 632 venit?
1044 589 1165 634 Saltu
1187 593 1372 648 quodam
1398 595 1515 638 venit
1535 595 1580 640 in
1601 596 1718 647 hunc

346 670 573 712 mundum.
602 664 726 723 Apud
742 663 905 705 Patrem
927 667 1032 709 erat,
1053 660 1096 702 in
1113 660 1330 719 Virginem
1347 665 1477 716 venit,
1501 674 1612 710 etex
1627 667 1719 713 Vir-

337 743 438 801 gine
463 739 504 780 in
528 750 712 795 praesepe
730 729 960 775 transilivit.
990 730 1038 772 In
1060 731 1237 790 praesepi
1259 741 1375 783 erat,
1402 743 1445 778 et
1463 735 1656 795 fulgebat
1673 737 1717 781 in

342 811 456 854 coelo
474 842 483 858 ,
514 803 730 849 descendit
752 802 793 844 in
814 801 1045 843 Jordanem
1060 832 1072 849 ,
1103 802 1295 845 ascendit
1315 803 1359 845 in
1382 818 1557 848 crucem
1573 839 1585 856 ,
1618 807 1715 850 des—

337 878 488 922 cendit
509 877 551 917 in
577 874 820 919 tumultum,
841 869 1022 912 surrexit
1042 885 1066 912 e
1087 872 1289 921 tumultO,
1315 880 1358 916 et
1374 875 1492 918 sedet
1509 877 1562 919 ad
1579 876 1714 922 Patris

339 951 568 992 dexteram.
597 945 702 987 Inde
717 941 837 1001 quasi
860 941 1063 983 hinnulus
1081 937 1322 993 cervorum,
1342 943 1416 1002 qui
1432 945 1644 991 desiderat
1660 951 1714 993 ad

338 1019 474 1061 fontes
492 1029 712 1073 aquarum,
728 1011 947 1055 descendit
960 1011 1011 1052 ad
1024 1011 1218 1061 Paulum,
1237 1019 1281 1054 et
1295 1012 1577 1059 circumfulsit
1594 1032 1710 1068 eum,

331 1098 381 1132 et
402 1087 555 1130 exilivit
580 1100 705 1143 super
726 1082 958 1125 Ecclesiam
981 1089 1187 1132 sanctam,
1211 1097 1304 1140 quae
1325 1092 1389 1128 est
1408 1086 1575 1137 Bethel,
1594 1090 1712 1146 quod

332 1160 493 1203 dicitur
518 1157 665 1199 domus
686 1154 775 1197 Dei.
797 1153 913 1196 Pauli
936 1152 1050 1195 enim
1072 1153 1239 1196 vocatio
1258 1147 1464 1200 'Ecclesiae
1488 1156 1710 1206 firmitudo

338 1237 419 1272 est.

395 1297 578 1342 XXXII.
618 1296 740 1340 Venit
758 1310 873 1353 erge,
895 1303 937 1337 et
962 1293 1101 1352 primo
1118 1303 1215 1353 post
1231 1296 1439 1354 parietem
1455 1307 1536 1349 est,
1560 1308 1609 1344 ut
1625 1300 1708 1344 ini-

328 1370 517 1415 micitias
539 1367 687 1410 animae
713 1374 754 1408 et
779 1364 967 1423 eorporis
989 1366 1138 1415 solvat,
1159 1366 1326 1410 sublato
1341 1368 1505 1427 pariete
1528 1371 1601 1428 qui
1623 1371 1708 1415 im-

331 1441 627 1500 pedimentum
646 1436 883 1480 coneordiae
900 1435 1124 1478 videbatur
1140 1435 1304 1480 afferre.
1320 1437 1485 1483 Deinde
1500 1434 1707 1499 prospicit

328 1527 413 1570 per
442 1510 656 1552 fenestras.
698 1507 803 1559 Quae
836 1506 919 1548 sint
940 1506 1133 1548 fenestrae
1156 1507 1254 1550 audi
1275 1508 1532 1566 Prophetam
1554 1511 1705 1554 dicen—

333 1589 423 1623 tem
445 1597 454 1620 :
483 1598 498 1618 «
511 1579 723 1621 Fenestrae
745 1584 897 1634 apertae
919 1584 1017 1618 sunt
1044 1592 1067 1619 e
1089 1576 1239 1620 coelo².
1255 1596 1272 1618 n
1302 1578 1535 1637 Prophetas
1556 1580 1715 1640 utique,

324 1651 566 1712 significat,
599 1665 673 1708 per
705 1663 809 1706 quos
843 1647 1048 1690 Dominus
1081 1663 1214 1707 genus
1246 1650 1431 1709 respexit
1463 1651 1702 1701 humanum

275 1712 299 1735 ’”
327 1722 452 1781 ‚prius
469 1736 595 1777 quam
617 1720 658 1761 in
681 1727 813 1761 terras
831 1718 921 1776 ipse
939 1719 1229 1763 descenderet.

392 1792 596 1836 XXXIII.
632 1791 685 1832 Et
707 1789 832 1832 hodie
853 1789 886 1831 si
909 1805 990 1846 qua
1006 1804 1105 1833 eum
1125 1791 1265 1835 anima
1286 1793 1472 1836 multum
1493 1795 1698 1853 requirat,

326 1858 514 1909 amilium
542 1860 773 1904 merebitur
802 1859 1137 1911 misericordiae3
1174 1862 1377 1919 quoniam
1409 1862 1483 1921 qui
1517 1866 1703 1910 multum

326 1933 520 1992 requirit,
554 1932 785 1990 plurimum
815 1931 994 1974 debetur
1025 1931 1077 1974 ei.
1113 1930 1157 1974 Si
1190 1926 1272 1990 qua
1301 1947 1402 1992 ergo
1435 1927 1703 1993 animaeum

319 2004 552 2049 studiosius
574 2010 748 2060 quaerat,
773 2003 897 2059 longe
921 2001 1035 2043 audit
1058 2016 1209 2045 vocem
1231 2002 1350 2061 ejus:
1374 1995 1702 2062 etquamvis‘ah

321 2076 420 2118 ,aliis
437 2074 636 2131 requirat,
655 2088 740 2130 prae
758 2071 870 2129 ipsiS,
892 2087 913 2113 a
931 2072 1085 2129 quibus
1101 2073 1269 2130 quaerit,
1290 2074 1406 2118 audit
1422 2089 1570 2119 vocem
1588 2066 1696 2136 ejus.

322 2145 454 2189 'Videt
471 2160 569 2187 eum
591 2143 809 2186 salientem
831 2143 883 2184 ad
900 2158 943 2184 se
961 2143 1121 2194 venire,
1145 2143 1188 2187 id
1209 2153 1290 2195 est,
1316 2142 1620 2204 properantem
1643 2135 1704 2190 at-

317 2231 408 2273 :que
443 2221 705 2263 currentem,
738 2221 780 2254 et
812 2213 1119 2256 transilientem
1154 2229 1227 2257 eos
1259 2214 1331 2275 qui
1363 2214 1537 2260 infirmo
1571 2218 1701 2262 corde

322 2286 526 2328 wirtutem
541 2283 632 2341 ejus
656 2298 806 2342 capere
828 2298 914 2325 non
937 2292 1136 2342 possunt3
1161 2283 1350 2343 denique·
1365 2285 1700 2345 prospicientem

318 2371 402 2415 per
417 2354 637 2412 aegnimata
650 2353 978 2411 Prophetarum,
1001 2355 1181 2412 legendo
1199 2369 1271 2397 eos
1289 2363 1332 2398 et
1347 2357 1533 2399 tenendo
1549 2371 1701 2401 eorum
1759 2376 1771 2398 ο

314 2441 539 2469 :sermones
564 2425 678 2468 videt
700 2439 798 2467 eum
826 2424 1180 2484 prospicientem,
1207 2426 1284 2484 ‘sed
1311 2426 1430 2484 quasi
1457 2441 1535 2485 per
1557 2427 1700 2472 fenes-

311 2503 446 2545 tram,
465 2510 551 2538 non
569 2494 706 2538 adhuc
723 2495 842 2553 quasi
859 2504 1124 2554 praesentem.
1147 2495 1550 2542 Videteminentem
1567 2513 1697 2557 super

353 2595 374 2611 ἵ·
394 2587 490 2622 eant.
506 2599 541 2626 n,
555 2588 589 2622 8.
613 2606 651 2615 .-
669 2595 680 2611 ·
700 2589 777 2623 lsai.
795 2600 881 2630 xxiv,
905 2589 957 2623 1⁸3.
