1780 3120
522 300 577 330 »Β
607 299 750 331 rom.
786 302 907 332 ιιηιι
936 301 1055 333 unus.
1379 291 1467 351 379

105 451 1037 477 wmmssssssmmmmwmm
1041 456 1474 472 mmm-§Ome

655 579 835 623 CAPUT
862 579 920 624 X.

106 729 410 774 Foemaaeorfs
432 743 487 771 ne
507 727 721 771 debitoris
748 727 944 772 cadaver
966 729 1030 771 ad
1048 728 1324 788 sepulturam
1342 727 1471 789 effer·

465 809 607 849 retur,
619 798 897 856 prohibenti-5
906 799 1108 843 historia.

170 948 374 994 XXXVI.
411 948 603 1002 Quom-ms
618 948 703 993 vidi
723 964 747 992 a
762 948 1085 993 soeneratoribus
1100 950 1235 993 teneri
1251 950 1473 996 defunctos

111 1035 191 1080 pro
206 1020 399 1079 pignore,
420 1027 465 1063 et
488 1019 633 1078 negari
654 1020 866 1062 tu‘mulum
880 1053 893 1070 ‚
906 1021 1020 1063 -dum
1040 1020 1180 1064 soenus
1200 1021 1478 1080 exposcitur?

114 1090 283 1144 Quibus
301 1105 381 1149 ego
402 1090 594 1148 acquievi
609 1090 813 1139 libenter,
839 1099 887 1133 ut
903 1106 1028 1133 suum
1045 1091 1384 1150 constringerent
1405 1093 1477 1135 de·

114 1160 314 1210 bitot-em,
333 1168 382 1204 ut
402 1161 538 1203 electo
559 1176 635 1210 eo,
662 1159 888 1219 fidejussor
911 1155 1109 1207 evaderet
1121 1178 1133 1209 ;
1156 1161 1223 1204 hae
1243 1170 1343 1205 sunt
1362 1161 1479 1205 enim

116 1229 379 1274 faeneratoris
403 1232 529 1290 leges.
556 1231 652 1274 Dixi
674 1231 815 1291 itaque
834 1247 845 1275 ε
873 1232 1033 1275 Tenete
1055 1247 1179 1275 reum
1199 1240 1411 1282 vestrum;
1434 1241 1479 1276 et

116 1317 172 1345 ne
189 1300 309 1359 vobis
326 1294 598 1363 possitelabi,
621 1303 798 1346 domum
822 1302 982 1352 ducite,
1004 1303 1191 1350 claudite
1210 1303 1255 1345 in
1277 1301 1479 1346 cubiculo

117 1375 275 1423 vestro,
292 1368 565 1417 carnificibus
586 1374 779 1417 duriores
791 1391 804 1423 ;
829 1373 1031 1432 quoniam
1052 1377 1182 1432 quem
1207 1389 1281 1424 vos
1300 1373 1453 1417 tenetis
1466 1407 1479 1423 ‚

120 1458 267 1487 carcer
290 1459 378 1487 non
408 1444 610 1504 suscipit,
645 1453 819 1488 exactor
849 1444 1028 1487 absolvit
1050 1459 1061 1486 :
1085 1451 1363 1503 peccatorum
1386 1460 1482 1488 reos

119 1523 216 1574 post
238 1523 421 1565 mortem
444 1530 592 1563 carcer
610 1515 787 1566 emittit,
811 1530 885 1558 vos
910 1514 1105 1558 clauditis
1130 1531 1141 1556 :
1163 1516 1309 1572 legum
1330 1514 1484 1559 severi-

121 1587 207 1628 tate
228 1585 455 1628 defunctus
478 1585 725 1637 absolvitur,
742 1585 863 1629 vobis
877 1593 1061 1629 tenetur.
1089 1584 1214 1628 Certe
1231 1584 1302 1632 hic
1323 1593 1483 1629 sortem

122 1669 241 1699 suam
259 1653 348 1712 jam
368 1664 631 1706 memoratur
647 1655 845 1714 implesse
869 1671 880 1698 ε
903 1670 991 1708 non
1014 1655 1182 1699 invideo
1203 1663 1348 1701 tamen
1364 1688 1375 1704 ,
1392 1655 1484 1715 pig-

123 1742 204 1770 nus
216 1735 404 1770 vestrum
419 1735 647 1785 reservate.
668 1725 782 1778 Nihil
797 1727 973 1770 interest
987 1727 1099 1769 inter
1116 1726 1245 1769 sunus
1263 1734 1307 1769 et
1327 1725 1482 1776 soenus,

124 1796 231 1841 nihil
258 1797 369 1840 inter
393 1805 578 1850 mortem
603 1798 731 1841 distat
754 1806 798 1841 et
819 1805 977 1851 sortem
999 1812 1011 1840 ε
1036 1805 1262 1856 personat,
1286 1804 1489 1857 personat

125 1867 349 1912 funebrem
364 1870 573 1920 ululatum
590 1868 763 1912 soenoris
777 1885 920 1912 usura.
939 1867 1063 1919 Nunc
1074 1883 1174 1911 vere
1190 1859 1329 1930 capite
1348 1867 1487 1921 minu-

127 1947 195 1982 tus
231 1947 296 1982 est
340 1954 469 1998 quem
506 1939 739 1982 convenitis
765 1934 857 1998 (76')
882 1956 893 1988 ;
918 1938 1307 1988 vehementioribus
1340 1946 1489 1985 ,tamen

126 2007 305 2052 nexibus
326 2001 515 2068 alligate,
544 2024 600 2052 ne
619 2010 790 2052 vincula
810 2018 949 2053 vestra
969 2025 1055 2052 non
1080 2009 1233 2052 sentiat
1254 2024 1266 2052 ε
1293 2010 1426 2052 d'urus
1446 2016 1492 2055 et

129 2078 287 2138 rigidus
314 2087 379 2122 est
408 2079 578 2123 debitor
596 2113 608 2129 ,
636 2087 679 2122 et
706 2080 780 2138 qui
806 2095 893 2123 non
916 2079 1006 2138 jam
1026 2079 1192 2131 noverit
1217 2078 1483 2125 erubescere.

130 2150 271 2192 Unum
291 2165 392 2193 sane
405 2158 469 2193 est
488 2151 604 2210 quod
620 2165 707 2193 non
726 2151 879 2194 timere
893 2150 1077 2210 possitis,
1097 2149 1196 2209 quia
1210 2165 1388 2214 poscere
1403 2165 1493 2193 non

131 2219 247 2277 novit
268 2219 480 2269 alimenta.

186 2289 412 2335 XXXVII.
446 2291 562 2336 Jussi
582 2292 711 2352 igitur
726 2293 857 2341 levari
878 2308 1059 2352 corpus,
1090 2300 1137 2335 et
1156 2292 1210 2335 ad
1229 2290 1495 2334 soeneratoris

135 2360 311 2417 domum
326 2353 809 2426 exequiarum'ortlinem
831 2363 929 2406 duci
950 2379 962 2415 ς
986 2363 1063 2413 sed
1075 2362 1205 2413 etiam
1221 2362 1320 2405 inde
1334 2361 1496 2407 clauso-

134 2442 231 2498 rum
244 2431 412 2497 mugitu
432 2433 530 2496 talia
549 2435 835 2505 personabant
860 2433 963 2491 (77).
989 2433 1055 2476 lbi
1074 2447 1245 2497 quoque
1261 2431 1386 2474 sunus
1407 2446 1499 2474 esse

137 2496 355 2566 οῐβᾶεὲθβξ
377 2503 436 2553 ibi
451 2504 642 2548 mortuos
658 2504 801 2564 plangi
819 2512 992 2564 putares
1015 2519 1026 2548 :
1048 2518 1130 2547 nec
1144 2502 1316 2553 fallebat
1332 2509 1499 2547 senten·

136 2572 308 2635 tia‚·nisi
329 2569 445 2634 quod
464 2577 608 2636 plui-es
622 2568 844 2630 constabat
861 2575 951 2620 illie
971 2589 1063 2636 esse
1081 2573 1326 2630 morituros.
1346 2571 1497 2621 Victus

137 2635 350 2702 religionis
378 2637 684 2690 consuetudine
705 2646 935 2690 foenerator
953 2636 1077 2702 (nam
1100 2643 1201 2688 alibi
1227 2640 1382 2701 suscipi
1411 2641 1499 2701 pig-
