<?xml version="1.0" encoding="UTF-8"?>
<!DOCTYPE html PUBLIC "-//W3C//DTD XHTML 1.0 Transitional//EN"
    "http://www.w3.org/TR/xhtml1/DTD/xhtml1-transitional.dtd">
<html xmlns="http://www.w3.org/1999/xhtml" xml:lang="en" lang="en">
 <head>
  <title>
</title>
<meta http-equiv="Content-Type" content="text/html;charset=utf-8" />
  <meta name='ocr-system' content='tesseract 3.04.00' />
  <meta name='ocr-capabilities' content='ocr_page ocr_carea ocr_par ocr_line ocrx_word'/>
</head>
<body>
  <div class='ocr_page' id='page_1' title='image "./omniaequaeextant02ambruoft_0040.png"; bbox 0 0 1780 3120; ppageno 0'>
   <div class='ocr_carea' id='block_1_1' title="bbox 335 197 1144 242">
    <p class='ocr_par' dir='ltr' id='par_1_1' title="bbox 335 197 1144 242">
     <span class='ocr_line' id='line_1_1' title="bbox 335 197 1144 242; baseline -0.012 -1"><span class='ocrx_word' id='word_1_1' title='bbox 335 197 389 242; x_wconf 82' lang='lat'><strong>32</strong></span> <span class='ocrx_word' id='word_1_2' title='bbox 449 207 451 209; x_wconf 80' lang='grc'><strong>’</strong></span> <span class='ocrx_word' id='word_1_3' title='bbox 879 203 912 232; x_wconf 76' lang='lat' dir='ltr'><strong>s-</strong></span> <span class='ocrx_word' id='word_1_4' title='bbox 952 202 1144 233; x_wconf 62' lang='lat' dir='ltr'><strong>sunnosu</strong></span> 
     </span>
    </p>
   </div>
   <div class='ocr_carea' id='block_1_2' title="bbox 327 277 1704 2520">
    <p class='ocr_par' dir='ltr' id='par_1_2' title="bbox 331 277 1704 1658">
     <span class='ocr_line' id='line_1_2' title="bbox 333 277 1696 338; baseline -0.007 -5"><span class='ocrx_word' id='word_1_5' title='bbox 333 287 473 333; x_wconf 85' lang='lat' dir='ltr'><strong>veniat</strong></span> <span class='ocrx_word' id='word_1_6' title='bbox 506 298 604 328; x_wconf 89' lang='lat' dir='ltr'><strong>cum</strong></span> <span class='ocrx_word' id='word_1_7' title='bbox 625 282 772 332; x_wconf 87' lang='lat' dir='ltr'><strong>Patre,</strong></span> <span class='ocrx_word' id='word_1_8' title='bbox 801 288 844 323; x_wconf 88' lang='lat' dir='ltr'><strong>et</strong></span> <span class='ocrx_word' id='word_1_9' title='bbox 874 289 1016 324; x_wconf 88' lang='lat' dir='ltr'><strong>coenet</strong></span> <span class='ocrx_word' id='word_1_10' title='bbox 1047 295 1146 324; x_wconf 91' lang='lat' dir='ltr'><strong>cum</strong></span> <span class='ocrx_word' id='word_1_11' title='bbox 1169 278 1319 322; x_wconf 87' lang='lat' dir='ltr'><strong>eadem</strong></span> <span class='ocrx_word' id='word_1_12' title='bbox 1350 277 1513 328; x_wconf 87' lang='lat' dir='ltr'><strong>anima,</strong></span> <span class='ocrx_word' id='word_1_13' title='bbox 1543 278 1696 338; x_wconf 78' lang='lat' dir='ltr'><strong>etipsa</strong></span> 
     </span>
     <span class='ocr_line' id='line_1_3' title="bbox 331 348 1698 410; baseline -0.006 -8"><span class='ocrx_word' id='word_1_14' title='bbox 331 373 434 402; x_wconf 88' lang='lat' dir='ltr'><strong>cum</strong></span> <span class='ocrx_word' id='word_1_15' title='bbox 456 371 506 400; x_wconf 92' lang='lat' dir='ltr'><strong>eo</strong></span> <span class='ocrx_word' id='word_1_16' title='bbox 520 388 530 404; x_wconf 95' lang='lat'><strong>,</strong></span> <span class='ocrx_word' id='word_1_17' title='bbox 548 354 659 396; x_wconf 88' lang='lat' dir='ltr'><strong>sicut</strong></span> <span class='ocrx_word' id='word_1_18' title='bbox 685 352 727 394; x_wconf 91' lang='lat' dir='ltr'><strong>in</strong></span> <span class='ocrx_word' id='word_1_19' title='bbox 743 350 1000 410; x_wconf 85' lang='lat' dir='ltr'>Apocalypsi</span> <span class='ocrx_word' id='word_1_20' title='bbox 1026 350 1129 393; x_wconf 82' lang='lat' dir='ltr'>dixit</span> <span class='ocrx_word' id='word_1_21' title='bbox 1150 348 1380 392; x_wconf 64' lang='lat' dir='ltr'><strong>Joanoes‘.</strong></span> <span class='ocrx_word' id='word_1_22' title='bbox 1399 349 1577 392; x_wconf 87' lang='lat' dir='ltr'><strong>Etenim</strong></span> <span class='ocrx_word' id='word_1_23' title='bbox 1596 363 1698 394; x_wconf 90' lang='lat' dir='ltr'><strong>cum</strong></span> 
     </span>
     <span class='ocr_line' id='line_1_4' title="bbox 334 420 1698 484; baseline -0.007 -13"><span class='ocrx_word' id='word_1_24' title='bbox 334 428 380 472; x_wconf 91' lang='lat' dir='ltr'><strong>in</strong></span> <span class='ocrx_word' id='word_1_25' title='bbox 395 424 681 484; x_wconf 89' lang='lat' dir='ltr'><strong>superioribus</strong></span> <span class='ocrx_word' id='word_1_26' title='bbox 699 422 881 465; x_wconf 80' lang='lat' dir='ltr'><strong>audisset</strong></span> <span class='ocrx_word' id='word_1_27' title='bbox 898 436 907 463; x_wconf 90' lang='lat'>:</span> <span class='ocrx_word' id='word_1_28' title='bbox 924 438 941 460; x_wconf 77' lang='grc' dir='ltr'><em>α</em></span> <span class='ocrx_word' id='word_1_29' title='bbox 961 420 1073 465; x_wconf 84' lang='lat' dir='ltr'><strong>Ades</strong></span> <span class='ocrx_word' id='word_1_30' title='bbox 1089 421 1175 463; x_wconf 91' lang='lat' dir='ltr'><strong>huc</strong></span> <span class='ocrx_word' id='word_1_31' title='bbox 1192 435 1214 462; x_wconf 89' lang='lat' dir='ltr'><strong>a</strong></span> <span class='ocrx_word' id='word_1_32' title='bbox 1229 420 1391 463; x_wconf 88' lang='lat' dir='ltr'><strong>Libano</strong></span> <span class='ocrx_word' id='word_1_33' title='bbox 1409 434 1577 478; x_wconf 83' lang='lat' dir='ltr'><strong>sponsa,</strong></span> <span class='ocrx_word' id='word_1_34' title='bbox 1597 420 1698 463; x_wconf 91' lang='lat' dir='ltr'><strong>ades</strong></span> 
     </span>
     <span class='ocr_line' id='line_1_5' title="bbox 336 488 1699 542; baseline -0.004 -4"><span class='ocrx_word' id='word_1_35' title='bbox 336 498 449 540; x_wconf 82' lang='lat' dir='ltr'><strong>»buc</strong></span> <span class='ocrx_word' id='word_1_36' title='bbox 472 512 495 539; x_wconf 87' lang='lat' dir='ltr'><strong>a</strong></span> <span class='ocrx_word' id='word_1_37' title='bbox 521 491 709 539; x_wconf 86' lang='lat' dir='ltr'><strong>Libano²</strong></span> <span class='ocrx_word' id='word_1_38' title='bbox 726 508 738 542; x_wconf 78' lang='lat'><em>3</em></span> <span class='ocrx_word' id='word_1_39' title='bbox 763 499 833 534; x_wconf 85' lang='lat' dir='ltr'><strong>»et</strong></span> <span class='ocrx_word' id='word_1_40' title='bbox 861 506 957 534; x_wconf 89' lang='lat' dir='ltr'><strong>cum</strong></span> <span class='ocrx_word' id='word_1_41' title='bbox 990 491 1227 534; x_wconf 83' lang='lat' dir='ltr'><strong>adverteret</strong></span> <span class='ocrx_word' id='word_1_42' title='bbox 1248 489 1292 532; x_wconf 88' lang='lat' dir='ltr'><strong>in</strong></span> <span class='ocrx_word' id='word_1_43' title='bbox 1312 504 1440 532; x_wconf 89' lang='lat' dir='ltr'><strong>carne</strong></span> <span class='ocrx_word' id='word_1_44' title='bbox 1462 503 1507 532; x_wconf 88' lang='lat' dir='ltr'><strong>se</strong></span> <span class='ocrx_word' id='word_1_45' title='bbox 1529 488 1699 532; x_wconf 87' lang='lat' dir='ltr'><strong>Christo</strong></span> 
     </span>
     <span class='ocr_line' id='line_1_6' title="bbox 337 558 1696 621; baseline -0.006 -11"><span class='ocrx_word' id='word_1_46' title='bbox 337 569 481 611; x_wconf 79' lang='lat' dir='ltr'><strong>adesse</strong></span> <span class='ocrx_word' id='word_1_47' title='bbox 505 580 590 607; x_wconf 93' lang='lat' dir='ltr'><strong>non</strong></span> <span class='ocrx_word' id='word_1_48' title='bbox 615 578 761 621; x_wconf 88' lang='lat' dir='ltr'><strong>posse,</strong></span> <span class='ocrx_word' id='word_1_49' title='bbox 786 561 860 604; x_wconf 86' lang='lat' dir='ltr'><strong>sed</strong></span> <span class='ocrx_word' id='word_1_50' title='bbox 880 569 982 604; x_wconf 89' lang='lat' dir='ltr'><strong>tunc</strong></span> <span class='ocrx_word' id='word_1_51' title='bbox 1011 561 1181 610; x_wconf 83' lang='lat' dir='ltr'><strong>adesse,</strong></span> <span class='ocrx_word' id='word_1_52' title='bbox 1206 560 1240 602; x_wconf 90' lang='lat' dir='ltr'><strong>si</strong></span> <span class='ocrx_word' id='word_1_53' title='bbox 1262 559 1426 602; x_wconf 84' lang='lat' dir='ltr'><strong>adesset</strong></span> <span class='ocrx_word' id='word_1_54' title='bbox 1456 559 1502 601; x_wconf 87' lang='lat' dir='ltr'><strong>in</strong></span> <span class='ocrx_word' id='word_1_55' title='bbox 1521 558 1696 618; x_wconf 84' lang='lat' dir='ltr'><strong>spiritu;</strong></span> 
     </span>
     <span class='ocr_line' id='line_1_7' title="bbox 335 629 1701 688; baseline -0.005 -8"><span class='ocrx_word' id='word_1_56' title='bbox 335 636 605 681; x_wconf 85' lang='lat' dir='ltr'><strong>conformans</strong></span> <span class='ocrx_word' id='word_1_57' title='bbox 622 649 666 676; x_wconf 90' lang='lat' dir='ltr'><strong>se</strong></span> <span class='ocrx_word' id='word_1_58' title='bbox 682 634 734 675; x_wconf 87' lang='lat' dir='ltr'><strong>ad</strong></span> <span class='ocrx_word' id='word_1_59' title='bbox 755 632 847 688; x_wconf 89' lang='lat' dir='ltr'><strong>ejus</strong></span> <span class='ocrx_word' id='word_1_60' title='bbox 869 632 1129 675; x_wconf 85' lang='lat' dir='ltr'><strong>voluntatem</strong></span> <span class='ocrx_word' id='word_1_61' title='bbox 1147 663 1159 681; x_wconf 91' lang='lat'><strong>,</strong></span> <span class='ocrx_word' id='word_1_62' title='bbox 1179 638 1227 673; x_wconf 95' lang='lat' dir='ltr'><strong>ut</strong></span> <span class='ocrx_word' id='word_1_63' title='bbox 1241 638 1353 673; x_wconf 88' lang='lat' dir='ltr'><strong>esset</strong></span> <span class='ocrx_word' id='word_1_64' title='bbox 1370 629 1518 688; x_wconf 87' lang='lat' dir='ltr'><strong>etipsa</strong></span> <span class='ocrx_word' id='word_1_65' title='bbox 1533 629 1701 673; x_wconf 88' lang='lat' dir='ltr'><strong>confor-</strong></span> 
     </span>
     <span class='ocr_line' id='line_1_8' title="bbox 336 700 1702 763; baseline -0.004 -14"><span class='ocrx_word' id='word_1_66' title='bbox 336 708 416 751; x_wconf 89' lang='lat' dir='ltr'><strong>mis</strong></span> <span class='ocrx_word' id='word_1_67' title='bbox 437 704 607 763; x_wconf 84' lang='lat' dir='ltr'><strong>imagini</strong></span> <span class='ocrx_word' id='word_1_68' title='bbox 630 702 809 752; x_wconf 82' lang='lat' dir='ltr'><strong>Christi,</strong></span> <span class='ocrx_word' id='word_1_69' title='bbox 834 701 922 759; x_wconf 83' lang='lat' dir='ltr'><strong>jam</strong></span> <span class='ocrx_word' id='word_1_70' title='bbox 944 717 1029 745; x_wconf 90' lang='lat' dir='ltr'><strong>non</strong></span> <span class='ocrx_word' id='word_1_71' title='bbox 1058 702 1185 745; x_wconf 82' lang='lat' dir='ltr'><strong>sentit</strong></span> <span class='ocrx_word' id='word_1_72' title='bbox 1215 701 1353 744; x_wconf 88' lang='lat' dir='ltr'><strong>carnis</strong></span> <span class='ocrx_word' id='word_1_73' title='bbox 1387 700 1578 750; x_wconf 87' lang='lat' dir='ltr'><strong>exuvias;</strong></span> <span class='ocrx_word' id='word_1_74' title='bbox 1612 700 1702 759; x_wconf 88' lang='lat' dir='ltr'><strong>jam</strong></span> 
     </span>
     <span class='ocr_line' id='line_1_9' title="bbox 336 770 1702 835; baseline -0.004 -15"><span class='ocrx_word' id='word_1_75' title='bbox 336 777 455 835; x_wconf 87' lang='lat' dir='ltr'><strong>quasi</strong></span> <span class='ocrx_word' id='word_1_76' title='bbox 477 775 646 834; x_wconf 82' lang='lat' dir='ltr'><strong>spiritus</strong></span> <span class='ocrx_word' id='word_1_77' title='bbox 668 773 783 816; x_wconf 88' lang='lat' dir='ltr'><strong>exuit</strong></span> <span class='ocrx_word' id='word_1_78' title='bbox 812 788 856 815; x_wconf 92' lang='lat' dir='ltr'><strong>se</strong></span> <span class='ocrx_word' id='word_1_79' title='bbox 874 772 1062 829; x_wconf 90' lang='lat' dir='ltr'><strong>corporis</strong></span> <span class='ocrx_word' id='word_1_80' title='bbox 1082 771 1452 829; x_wconf 87' lang='lat' dir='ltr'><strong>conjunctionem;</strong></span> <span class='ocrx_word' id='word_1_81' title='bbox 1471 770 1559 829; x_wconf 86' lang='lat' dir='ltr'><strong>jam</strong></span> <span class='ocrx_word' id='word_1_82' title='bbox 1581 771 1702 829; x_wconf 83' lang='lat' dir='ltr'><strong>quasi</strong></span> 
     </span>
     <span class='ocr_line' id='line_1_10' title="bbox 336 841 1700 900; baseline -0.004 -10"><span class='ocrx_word' id='word_1_83' title='bbox 336 846 465 892; x_wconf 82' lang='lat' dir='ltr'><strong>oblita</strong></span> <span class='ocrx_word' id='word_1_84' title='bbox 478 877 490 894; x_wconf 93' lang='lat'><strong>,</strong></span> <span class='ocrx_word' id='word_1_85' title='bbox 510 853 553 886; x_wconf 89' lang='lat' dir='ltr'><strong>et</strong></span> <span class='ocrx_word' id='word_1_86' title='bbox 575 859 667 900; x_wconf 88' lang='lat' dir='ltr'><strong>quae</strong></span> <span class='ocrx_word' id='word_1_87' title='bbox 683 843 717 884; x_wconf 89' lang='lat' dir='ltr'><strong>si</strong></span> <span class='ocrx_word' id='word_1_88' title='bbox 733 843 856 892; x_wconf 89' lang='lat' dir='ltr'><strong>velit,</strong></span> <span class='ocrx_word' id='word_1_89' title='bbox 875 842 1037 900; x_wconf 86' lang='lat' dir='ltr'><strong>copulae</strong></span> <span class='ocrx_word' id='word_1_90' title='bbox 1058 841 1169 885; x_wconf 88' lang='lat' dir='ltr'><strong>illius</strong></span> <span class='ocrx_word' id='word_1_91' title='bbox 1185 841 1428 884; x_wconf 88' lang='lat' dir='ltr'><strong>meminisse</strong></span> <span class='ocrx_word' id='word_1_92' title='bbox 1450 856 1536 884; x_wconf 90' lang='lat' dir='ltr'><strong>non</strong></span> <span class='ocrx_word' id='word_1_93' title='bbox 1550 841 1700 900; x_wconf 82' lang='lat' dir='ltr'><strong>possit,</strong></span> 
     </span>
     <span class='ocr_line' id='line_1_11' title="bbox 337 911 1690 970; baseline -0.003 -12"><span class='ocrx_word' id='word_1_94' title='bbox 337 917 395 958; x_wconf 88' lang='lat' dir='ltr'><strong>ait</strong></span> <span class='ocrx_word' id='word_1_95' title='bbox 419 930 428 957; x_wconf 79' lang='lat' dir='ltr'><strong><em>z</em></strong></span> <span class='ocrx_word' id='word_1_96' title='bbox 450 931 466 954; x_wconf 92' lang='lat'>«</span> <span class='ocrx_word' id='word_1_97' title='bbox 493 913 600 956; x_wconf 88' lang='lat' dir='ltr'><strong>Exui</strong></span> <span class='ocrx_word' id='word_1_98' title='bbox 633 911 821 955; x_wconf 90' lang='lat' dir='ltr'><strong>tunicam</strong></span> <span class='ocrx_word' id='word_1_99' title='bbox 856 927 1020 962; x_wconf 89' lang='lat' dir='ltr'><strong>meam,</strong></span> <span class='ocrx_word' id='word_1_100' title='bbox 1059 914 1275 970; x_wconf 89' lang='lat' dir='ltr'><strong>quomodo</strong></span> <span class='ocrx_word' id='word_1_101' title='bbox 1310 912 1486 955; x_wconf 81' lang='lat' dir='ltr'><strong>induam</strong></span> <span class='ocrx_word' id='word_1_102' title='bbox 1521 912 1647 955; x_wconf 79' lang='lat' dir='ltr'><strong>eam?</strong></span> <span class='ocrx_word' id='word_1_103' title='bbox 1673 928 1690 953; x_wconf 69' lang='lat' dir='ltr'><strong>n</strong></span> 
     </span>
     <span class='ocr_line' id='line_1_12' title="bbox 335 982 1703 1041; baseline -0.003 -13"><span class='ocrx_word' id='word_1_104' title='bbox 335 985 463 1029; x_wconf 88' lang='lat' dir='ltr'><strong>Exuis</strong></span> <span class='ocrx_word' id='word_1_105' title='bbox 495 983 608 1027; x_wconf 89' lang='lat' dir='ltr'><strong>enim</strong></span> <span class='ocrx_word' id='word_1_106' title='bbox 634 982 822 1026; x_wconf 83' lang='lat' dir='ltr'><strong>tunicam</strong></span> <span class='ocrx_word' id='word_1_107' title='bbox 855 982 970 1025; x_wconf 90' lang='lat' dir='ltr'><strong>illam</strong></span> <span class='ocrx_word' id='word_1_108' title='bbox 1003 982 1247 1040; x_wconf 88' lang='lat' dir='ltr'><strong>pelliceam,</strong></span> <span class='ocrx_word' id='word_1_109' title='bbox 1283 997 1410 1040; x_wconf 85' lang='lat' dir='ltr'><strong>quam</strong></span> <span class='ocrx_word' id='word_1_110' title='bbox 1446 989 1703 1041; x_wconf 88' lang='lat' dir='ltr'><strong>acceperunt</strong></span> 
     </span>
     <span class='ocr_line' id='line_1_13' title="bbox 336 1052 1703 1112; baseline -0.002 -13"><span class='ocrx_word' id='word_1_111' title='bbox 336 1055 473 1100; x_wconf 84' lang='lat' dir='ltr'><strong>Adam</strong></span> <span class='ocrx_word' id='word_1_112' title='bbox 499 1062 542 1096; x_wconf 90' lang='lat' dir='ltr'><strong>et</strong></span> <span class='ocrx_word' id='word_1_113' title='bbox 566 1052 649 1096; x_wconf 89' lang='lat' dir='ltr'><strong>Eva</strong></span> <span class='ocrx_word' id='word_1_114' title='bbox 670 1061 768 1111; x_wconf 88' lang='lat' dir='ltr'><strong>post</strong></span> <span class='ocrx_word' id='word_1_115' title='bbox 791 1053 982 1110; x_wconf 84' lang='lat' dir='ltr'><strong>culpam,</strong></span> <span class='ocrx_word' id='word_1_116' title='bbox 1005 1052 1194 1095; x_wconf 87' lang='lat' dir='ltr'><strong>tunicam</strong></span> <span class='ocrx_word' id='word_1_117' title='bbox 1218 1054 1492 1112; x_wconf 79' lang='lat' dir='ltr'><strong>corruptelae,</strong></span> <span class='ocrx_word' id='word_1_118' title='bbox 1512 1052 1703 1096; x_wconf 87' lang='lat' dir='ltr'><strong>tunicam</strong></span> 
     </span>
     <span class='ocr_line' id='line_1_14' title="bbox 336 1122 1704 1187; baseline -0.004 -17"><span class='ocrx_word' id='word_1_119' title='bbox 336 1126 595 1187; x_wconf 82' lang='lat' dir='ltr'><strong>passionum.</strong></span> <span class='ocrx_word' id='word_1_120' title='bbox 614 1141 630 1163; x_wconf 68' lang='grc' dir='ltr'>α</span> <span class='ocrx_word' id='word_1_121' title='bbox 661 1124 887 1175; x_wconf 85' lang='lat' dir='ltr'><strong>Quomodo</strong></span> <span class='ocrx_word' id='word_1_122' title='bbox 920 1123 1096 1166; x_wconf 86' lang='lat' dir='ltr'><strong>induam</strong></span> <span class='ocrx_word' id='word_1_123' title='bbox 1126 1123 1251 1166; x_wconf 74' lang='lat' dir='ltr'><strong>eam?</strong></span> <span class='ocrx_word' id='word_1_124' title='bbox 1282 1141 1298 1164; x_wconf 74' lang='lat' dir='ltr'><strong>n</strong></span> <span class='ocrx_word' id='word_1_125' title='bbox 1321 1124 1415 1167; x_wconf 88' lang='lat' dir='ltr'><strong>Non</strong></span> <span class='ocrx_word' id='word_1_126' title='bbox 1448 1122 1626 1180; x_wconf 86' lang='lat' dir='ltr'><strong>requirit</strong></span> <span class='ocrx_word' id='word_1_127' title='bbox 1655 1130 1704 1177; x_wconf 87' lang='lat' dir='ltr'><strong>ut</strong></span> 
     </span>
     <span class='ocr_line' id='line_1_15' title="bbox 338 1191 1702 1252; baseline -0.004 -11"><span class='ocrx_word' id='word_1_128' title='bbox 338 1198 487 1241; x_wconf 90' lang='lat' dir='ltr'><strong>induat</strong></span> <span class='ocrx_word' id='word_1_129' title='bbox 507 1211 516 1238; x_wconf 91' lang='lat'><strong>:</strong></span> <span class='ocrx_word' id='word_1_130' title='bbox 537 1195 611 1238; x_wconf 89' lang='lat' dir='ltr'><strong>scd</strong></span> <span class='ocrx_word' id='word_1_131' title='bbox 632 1194 689 1236; x_wconf 88' lang='lat' dir='ltr'><strong>ita</strong></span> <span class='ocrx_word' id='word_1_132' title='bbox 705 1193 914 1252; x_wconf 84' lang='lat' dir='ltr'><strong>significat</strong></span> <span class='ocrx_word' id='word_1_133' title='bbox 930 1193 1142 1252; x_wconf 85' lang='lat' dir='ltr'><strong>abjectam</strong></span> <span class='ocrx_word' id='word_1_134' title='bbox 1155 1226 1166 1244; x_wconf 95' lang='lat'><em>‚</em></span> <span class='ocrx_word' id='word_1_135' title='bbox 1186 1202 1235 1237; x_wconf 93' lang='lat' dir='ltr'><strong>ut</strong></span> <span class='ocrx_word' id='word_1_136' title='bbox 1249 1194 1337 1252; x_wconf 89' lang='lat' dir='ltr'><strong>jam</strong></span> <span class='ocrx_word' id='word_1_137' title='bbox 1354 1194 1606 1237; x_wconf 88' lang='lat' dir='ltr'><strong>indumento</strong></span> <span class='ocrx_word' id='word_1_138' title='bbox 1622 1191 1702 1245; x_wconf 83' lang='lat' dir='ltr'><strong>sibi</strong></span> 
     </span>
     <span class='ocr_line' id='line_1_16' title="bbox 336 1261 1702 1323; baseline -0.004 -12"><span class='ocrx_word' id='word_1_139' title='bbox 336 1283 427 1311; x_wconf 86' lang='lat' dir='ltr'><strong>csse</strong></span> <span class='ocrx_word' id='word_1_140' title='bbox 455 1279 540 1308; x_wconf 92' lang='lat' dir='ltr'><strong>non</strong></span> <span class='ocrx_word' id='word_1_141' title='bbox 560 1272 714 1323; x_wconf 86' lang='lat' dir='ltr'><strong>posset.</strong></span> <span class='ocrx_word' id='word_1_142' title='bbox 738 1281 755 1303; x_wconf 74' lang='grc' dir='ltr'><strong><em>α</em></strong></span> <span class='ocrx_word' id='word_1_143' title='bbox 782 1264 883 1308; x_wconf 87' lang='lat' dir='ltr'><strong>Lavi</strong></span> <span class='ocrx_word' id='word_1_144' title='bbox 904 1265 1034 1323; x_wconf 91' lang='lat' dir='ltr'><strong>pedes</strong></span> <span class='ocrx_word' id='word_1_145' title='bbox 1062 1279 1206 1314; x_wconf 89' lang='lat' dir='ltr'><strong>meos,</strong></span> <span class='ocrx_word' id='word_1_146' title='bbox 1230 1265 1448 1322; x_wconf 85' lang='lat' dir='ltr'><strong>quomodo</strong></span> <span class='ocrx_word' id='word_1_147' title='bbox 1469 1261 1702 1322; x_wconf 80' lang='lat' dir='ltr'><strong>inquinabo</strong></span> 
     </span>
     <span class='ocr_line' id='line_1_17' title="bbox 337 1335 1703 1398; baseline -0.002 -19"><span class='ocrx_word' id='word_1_148' title='bbox 337 1356 354 1379; x_wconf 85' lang='lat'>»</span> <span class='ocrx_word' id='word_1_149' title='bbox 367 1336 487 1381; x_wconf 73' lang='lat' dir='ltr'><strong>illos?</strong></span> <span class='ocrx_word' id='word_1_150' title='bbox 509 1354 525 1377; x_wconf 83' lang='grc'><strong>»</strong></span> <span class='ocrx_word' id='word_1_151' title='bbox 538 1337 628 1379; x_wconf 91' lang='lat' dir='ltr'><strong>Hoc</strong></span> <span class='ocrx_word' id='word_1_152' title='bbox 647 1343 732 1385; x_wconf 87' lang='lat' dir='ltr'><strong>est,</strong></span> <span class='ocrx_word' id='word_1_153' title='bbox 755 1335 927 1394; x_wconf 85' lang='lat' dir='ltr'><strong>vestigia</strong></span> <span class='ocrx_word' id='word_1_154' title='bbox 943 1351 1038 1398; x_wconf 85' lang='lat' dir='ltr'><strong>mea</strong></span> <span class='ocrx_word' id='word_1_155' title='bbox 1057 1336 1164 1385; x_wconf 88' lang='lat' dir='ltr'><strong>lavi,</strong></span> <span class='ocrx_word' id='word_1_156' title='bbox 1182 1337 1286 1379; x_wconf 91' lang='lat' dir='ltr'><strong>dum</strong></span> <span class='ocrx_word' id='word_1_157' title='bbox 1301 1335 1542 1396; x_wconf 82' lang='lat' dir='ltr'><strong>egrederer,</strong></span> <span class='ocrx_word' id='word_1_158' title='bbox 1565 1348 1615 1377; x_wconf 91' lang='lat' dir='ltr'><strong>ac</strong></span> <span class='ocrx_word' id='word_1_159' title='bbox 1631 1348 1703 1376; x_wconf 89' lang='lat' dir='ltr'><strong>me</strong></span> 
     </span>
     <span class='ocr_line' id='line_1_18' title="bbox 336 1404 1703 1463; baseline -0.005 -12"><span class='ocrx_word' id='word_1_160' title='bbox 336 1410 546 1451; x_wconf 82' lang='lat' dir='ltr'><strong>elevarem</strong></span> <span class='ocrx_word' id='word_1_161' title='bbox 573 1406 625 1448; x_wconf 91' lang='lat' dir='ltr'><strong>de</strong></span> <span class='ocrx_word' id='word_1_162' title='bbox 655 1406 843 1463; x_wconf 89' lang='lat' dir='ltr'><strong>corporis</strong></span> <span class='ocrx_word' id='word_1_163' title='bbox 870 1406 1176 1456; x_wconf 88' lang='lat' dir='ltr'><strong>contubernio,</strong></span> <span class='ocrx_word' id='word_1_164' title='bbox 1200 1407 1253 1448; x_wconf 92' lang='lat' dir='ltr'><strong>de</strong></span> <span class='ocrx_word' id='word_1_165' title='bbox 1279 1405 1352 1448; x_wconf 86' lang='lat' dir='ltr'><strong>illa</strong></span> <span class='ocrx_word' id='word_1_166' title='bbox 1374 1404 1639 1448; x_wconf 76' lang='lat' dir='ltr'><strong>connexione</strong></span> <span class='ocrx_word' id='word_1_167' title='bbox 1658 1411 1703 1445; x_wconf 79' lang='lat' dir='ltr'><strong>&#39;et</strong></span> 
     </span>
     <span class='ocr_line' id='line_1_19' title="bbox 335 1471 1703 1534; baseline -0.005 -14"><span class='ocrx_word' id='word_1_168' title='bbox 335 1476 616 1521; x_wconf 79' lang='lat' dir='ltr'><strong>familiaritate</strong></span> <span class='ocrx_word' id='word_1_169' title='bbox 633 1476 812 1518; x_wconf 83' lang='lat' dir='ltr'><strong>carnalis</strong></span> <span class='ocrx_word' id='word_1_170' title='bbox 828 1477 1068 1534; x_wconf 89' lang='lat' dir='ltr'><strong>amplexus,</strong></span> <span class='ocrx_word' id='word_1_171' title='bbox 1083 1475 1299 1531; x_wconf 87' lang='lat' dir='ltr'><strong>quomodo</strong></span> <span class='ocrx_word' id='word_1_172' title='bbox 1315 1471 1548 1531; x_wconf 87' lang='lat' dir='ltr'><strong>inquinabo</strong></span> <span class='ocrx_word' id='word_1_173' title='bbox 1564 1486 1635 1522; x_wconf 89' lang='lat' dir='ltr'><strong>ea,</strong></span> <span class='ocrx_word' id='word_1_174' title='bbox 1653 1479 1703 1515; x_wconf 91' lang='lat' dir='ltr'><strong>ut</strong></span> 
     </span>
     <span class='ocr_line' id='line_1_20' title="bbox 335 1542 1700 1604; baseline -0.003 -14"><span class='ocrx_word' id='word_1_175' title='bbox 335 1548 380 1590; x_wconf 92' lang='lat' dir='ltr'><strong>in</strong></span> <span class='ocrx_word' id='word_1_176' title='bbox 397 1547 587 1604; x_wconf 88' lang='lat' dir='ltr'><strong>corporis</strong></span> <span class='ocrx_word' id='word_1_177' title='bbox 605 1547 853 1592; x_wconf 88' lang='lat' dir='ltr'><strong>claustrum,</strong></span> <span class='ocrx_word' id='word_1_178' title='bbox 873 1551 916 1586; x_wconf 92' lang='lat' dir='ltr'><strong>et</strong></span> <span class='ocrx_word' id='word_1_179' title='bbox 930 1543 1049 1586; x_wconf 90' lang='lat' dir='ltr'><strong>illum</strong></span> <span class='ocrx_word' id='word_1_180' title='bbox 1062 1544 1335 1587; x_wconf 85' lang='lat' dir='ltr'><strong>tenebrosum</strong></span> <span class='ocrx_word' id='word_1_181' title='bbox 1347 1542 1590 1602; x_wconf 85' lang='lat' dir='ltr'><strong>passionum</strong></span> <span class='ocrx_word' id='word_1_182' title='bbox 1607 1542 1700 1601; x_wconf 87' lang='lat' dir='ltr'><strong>ejus</strong></span> 
     </span>
     <span class='ocr_line' id='line_1_21' title="bbox 335 1612 867 1658; baseline -0.008 0"><span class='ocrx_word' id='word_1_183' title='bbox 335 1629 551 1658; x_wconf 86' lang='lat' dir='ltr'><strong>carcerem</strong></span> <span class='ocrx_word' id='word_1_184' title='bbox 573 1620 837 1655; x_wconf 79' lang='lat' dir='ltr'><strong>revertantm</strong></span> <span class='ocrx_word' id='word_1_185' title='bbox 849 1612 867 1655; x_wconf 74' lang='lat' dir='ltr'><strong>i&gt;</strong></span> 
     </span>
    </p>

    <p class='ocr_par' dir='ltr' id='par_1_3' title="bbox 327 1682 1701 2520">
     <span class='ocr_line' id='line_1_22' title="bbox 394 1682 1701 1742; baseline 0.001 -15"><span class='ocrx_word' id='word_1_186' title='bbox 394 1684 635 1728; x_wconf 87' lang='lat' dir='ltr'><strong>L111.Dum</strong></span> <span class='ocrx_word' id='word_1_187' title='bbox 657 1682 746 1726; x_wconf 87' lang='lat' dir='ltr'><strong>haec</strong></span> <span class='ocrx_word' id='word_1_188' title='bbox 770 1682 839 1726; x_wconf 92' lang='lat' dir='ltr'><strong>illa</strong></span> <span class='ocrx_word' id='word_1_189' title='bbox 857 1683 981 1733; x_wconf 88' lang='lat' dir='ltr'><strong>dicit,</strong></span> <span class='ocrx_word' id='word_1_190' title='bbox 1006 1683 1120 1726; x_wconf 89' lang='lat' dir='ltr'><strong>misit</strong></span> <span class='ocrx_word' id='word_1_191' title='bbox 1143 1684 1435 1742; x_wconf 89' lang='lat' dir='ltr'><strong>operationem</strong></span> <span class='ocrx_word' id='word_1_192' title='bbox 1458 1700 1578 1728; x_wconf 86' lang='lat' dir='ltr'><strong>suam</strong></span> <span class='ocrx_word' id='word_1_193' title='bbox 1599 1684 1701 1730; x_wconf 84' lang='lat' dir='ltr'><strong>Ver-</strong></span> 
     </span>
     <span class='ocr_line' id='line_1_23' title="bbox 335 1755 1694 1811; baseline 0.001 -13"><span class='ocrx_word' id='word_1_194' title='bbox 335 1756 439 1799; x_wconf 87' lang='lat' dir='ltr'><strong>bum</strong></span> <span class='ocrx_word' id='word_1_195' title='bbox 461 1762 662 1811; x_wconf 87' lang='lat' dir='ltr'><strong>tanquam</strong></span> <span class='ocrx_word' id='word_1_196' title='bbox 682 1768 760 1811; x_wconf 89' lang='lat' dir='ltr'><strong>per</strong></span> <span class='ocrx_word' id='word_1_197' title='bbox 777 1768 1002 1796; x_wconf 87' lang='lat' dir='ltr'><strong>cavernam</strong></span> <span class='ocrx_word' id='word_1_198' title='bbox 1016 1787 1027 1805; x_wconf 94' lang='lat'><strong>,</strong></span> <span class='ocrx_word' id='word_1_199' title='bbox 1055 1769 1140 1796; x_wconf 91' lang='lat' dir='ltr'><strong>non</strong></span> <span class='ocrx_word' id='word_1_200' title='bbox 1163 1755 1302 1798; x_wconf 89' lang='lat' dir='ltr'><strong>adhuc</strong></span> <span class='ocrx_word' id='word_1_201' title='bbox 1322 1755 1430 1799; x_wconf 82' lang='lat' dir='ltr'><strong>facie</strong></span> <span class='ocrx_word' id='word_1_202' title='bbox 1447 1757 1500 1798; x_wconf 90' lang='lat' dir='ltr'><strong>ad</strong></span> <span class='ocrx_word' id='word_1_203' title='bbox 1520 1756 1694 1807; x_wconf 83' lang='lat' dir='ltr'><strong>faciem,</strong></span> 
     </span>
     <span class='ocr_line' id='line_1_24' title="bbox 335 1824 1699 1884; baseline 0.002 -16"><span class='ocrx_word' id='word_1_204' title='bbox 335 1826 449 1869; x_wconf 87' lang='lat' dir='ltr'><strong>misit</strong></span> <span class='ocrx_word' id='word_1_205' title='bbox 467 1833 666 1881; x_wconf 87' lang='lat' dir='ltr'><strong>tanquam</strong></span> <span class='ocrx_word' id='word_1_206' title='bbox 682 1838 857 1866; x_wconf 86' lang='lat' dir='ltr'><strong>manum</strong></span> <span class='ocrx_word' id='word_1_207' title='bbox 876 1839 886 1866; x_wconf 74' lang='grc' dir='ltr'><em>τ</em></span> <span class='ocrx_word' id='word_1_208' title='bbox 904 1841 920 1863; x_wconf 90' lang='lat'>«</span> <span class='ocrx_word' id='word_1_209' title='bbox 935 1824 988 1866; x_wconf 90' lang='lat' dir='ltr'><strong>Et</strong></span> <span class='ocrx_word' id='word_1_210' title='bbox 1008 1834 1180 1875; x_wconf 88' lang='lat' dir='ltr'><strong>venter,</strong></span> <span class='ocrx_word' id='word_1_211' title='bbox 1206 1826 1341 1884; x_wconf 90' lang='lat' dir='ltr'><strong>inquit</strong></span> <span class='ocrx_word' id='word_1_212' title='bbox 1354 1859 1366 1876; x_wconf 95' lang='lat'>‚</span> <span class='ocrx_word' id='word_1_213' title='bbox 1386 1842 1508 1870; x_wconf 90' lang='lat' dir='ltr'><strong>meus</strong></span> <span class='ocrx_word' id='word_1_214' title='bbox 1529 1835 1699 1871; x_wconf 90' lang='lat' dir='ltr'><strong>contur-</strong></span> 
     </span>
     <span class='ocr_line' id='line_1_25' title="bbox 337 1894 1690 1954; baseline 0.004 -19"><span class='ocrx_word' id='word_1_215' title='bbox 337 1895 488 1938; x_wconf 86' lang='lat' dir='ltr'><strong>»batus</strong></span> <span class='ocrx_word' id='word_1_216' title='bbox 512 1902 575 1936; x_wconf 88' lang='lat' dir='ltr'><strong>est</strong></span> <span class='ocrx_word' id='word_1_217' title='bbox 601 1908 727 1951; x_wconf 88' lang='lat' dir='ltr'><strong>super</strong></span> <span class='ocrx_word' id='word_1_218' title='bbox 747 1908 858 1936; x_wconf 87' lang='lat' dir='ltr'><strong>eum.</strong></span> <span class='ocrx_word' id='word_1_219' title='bbox 886 1894 939 1936; x_wconf 91' lang='lat' dir='ltr'><strong>Et</strong></span> <span class='ocrx_word' id='word_1_220' title='bbox 965 1895 1127 1937; x_wconf 87' lang='lat' dir='ltr'><strong>surrexi</strong></span> <span class='ocrx_word' id='word_1_221' title='bbox 1152 1911 1230 1954; x_wconf 86' lang='lat' dir='ltr'><strong>ego</strong></span> <span class='ocrx_word' id='word_1_222' title='bbox 1264 1896 1426 1954; x_wconf 85' lang='lat' dir='ltr'><strong>aperire</strong></span> <span class='ocrx_word' id='word_1_223' title='bbox 1446 1897 1566 1941; x_wconf 84' lang='lat' dir='ltr'><strong>fratri</strong></span> <span class='ocrx_word' id='word_1_224' title='bbox 1580 1912 1690 1942; x_wconf 90' lang='lat' dir='ltr'><strong>meo.</strong></span> 
     </span>
     <span class='ocr_line' id='line_1_26' title="bbox 332 1963 1696 2026; baseline 0.004 -19"><span class='ocrx_word' id='word_1_225' title='bbox 332 1966 508 2009; x_wconf 76' lang='lat' dir='ltr'><strong>»Manus</strong></span> <span class='ocrx_word' id='word_1_226' title='bbox 529 1979 634 2006; x_wconf 84' lang='lat' dir='ltr'><strong>meae</strong></span> <span class='ocrx_word' id='word_1_227' title='bbox 663 1963 968 2007; x_wconf 87' lang='lat' dir='ltr'><strong>distillaverunt</strong></span> <span class='ocrx_word' id='word_1_228' title='bbox 996 1965 1241 2023; x_wconf 83' lang='lat' dir='ltr'><strong>myrrham,</strong></span> <span class='ocrx_word' id='word_1_229' title='bbox 1275 1967 1394 2024; x_wconf 85' lang='lat' dir='ltr'><strong>digiti</strong></span> <span class='ocrx_word' id='word_1_230' title='bbox 1415 1968 1499 2010; x_wconf 92' lang='lat' dir='ltr'><strong>mei</strong></span> <span class='ocrx_word' id='word_1_231' title='bbox 1521 1968 1696 2026; x_wconf 84' lang='lat' dir='ltr'><strong>myrrha</strong></span> 
     </span>
     <span class='ocr_line' id='line_1_27' title="bbox 334 2034 1697 2096; baseline 0.002 -18"><span class='ocrx_word' id='word_1_232' title='bbox 334 2054 351 2077; x_wconf 85' lang='lat'>»</span> <span class='ocrx_word' id='word_1_233' title='bbox 364 2034 477 2094; x_wconf 90' lang='lat' dir='ltr'><strong>pleni</strong></span> <span class='ocrx_word' id='word_1_234' title='bbox 500 2041 595 2076; x_wconf 86' lang='lat' dir='ltr'><strong>sunt</strong></span> <span class='ocrx_word' id='word_1_235' title='bbox 626 2048 752 2091; x_wconf 89' lang='lat' dir='ltr'><strong>super</strong></span> <span class='ocrx_word' id='word_1_236' title='bbox 771 2048 922 2076; x_wconf 89' lang='lat' dir='ltr'><strong>manus</strong></span> <span class='ocrx_word' id='word_1_237' title='bbox 940 2035 1186 2079; x_wconf 71' lang='lat' dir='ltr'><strong>clausurae³.</strong></span> <span class='ocrx_word' id='word_1_238' title='bbox 1215 2054 1230 2076; x_wconf 82' lang='lat'>»</span> <span class='ocrx_word' id='word_1_239' title='bbox 1245 2036 1362 2088; x_wconf 89' lang='lat' dir='ltr'><strong>Quid</strong></span> <span class='ocrx_word' id='word_1_240' title='bbox 1381 2037 1466 2080; x_wconf 91' lang='lat' dir='ltr'><strong>hoc</strong></span> <span class='ocrx_word' id='word_1_241' title='bbox 1486 2037 1697 2096; x_wconf 77' lang='lat' dir='ltr'><strong>significet</strong></span> 
     </span>
     <span class='ocr_line' id='line_1_28' title="bbox 331 2104 1695 2163; baseline 0.002 -14"><span class='ocrx_word' id='word_1_242' title='bbox 331 2105 660 2150; x_wconf 86' lang='lat' dir='ltr'><strong>consideremus.</strong></span> <span class='ocrx_word' id='word_1_243' title='bbox 679 2104 869 2147; x_wconf 89' lang='lat' dir='ltr'><strong>Primum</strong></span> <span class='ocrx_word' id='word_1_244' title='bbox 886 2105 1083 2163; x_wconf 85' lang='lat' dir='ltr'><strong>operibus</strong></span> <span class='ocrx_word' id='word_1_245' title='bbox 1100 2105 1184 2148; x_wconf 92' lang='lat' dir='ltr'><strong>suis</strong></span> <span class='ocrx_word' id='word_1_246' title='bbox 1199 2105 1381 2157; x_wconf 90' lang='lat' dir='ltr'><strong>videtur,</strong></span> <span class='ocrx_word' id='word_1_247' title='bbox 1400 2115 1448 2150; x_wconf 92' lang='lat' dir='ltr'><strong>ut</strong></span> <span class='ocrx_word' id='word_1_248' title='bbox 1465 2107 1566 2159; x_wconf 88' lang='lat' dir='ltr'><strong>dixi,</strong></span> <span class='ocrx_word' id='word_1_249' title='bbox 1581 2108 1695 2152; x_wconf 87' lang='lat' dir='ltr'><strong>Deus</strong></span> 
     </span>
     <span class='ocr_line' id='line_1_29' title="bbox 335 2177 1697 2238; baseline 0.002 -19"><span class='ocrx_word' id='word_1_250' title='bbox 335 2177 525 2222; x_wconf 87' lang='lat' dir='ltr'><strong>Verbum</strong></span> <span class='ocrx_word' id='word_1_251' title='bbox 556 2183 757 2231; x_wconf 85' lang='lat' dir='ltr'><strong>tanquam</strong></span> <span class='ocrx_word' id='word_1_252' title='bbox 790 2190 867 2233; x_wconf 91' lang='lat' dir='ltr'><strong>per</strong></span> <span class='ocrx_word' id='word_1_253' title='bbox 894 2190 1141 2227; x_wconf 87' lang='lat' dir='ltr'><strong>cavernam,</strong></span> <span class='ocrx_word' id='word_1_254' title='bbox 1174 2191 1259 2219; x_wconf 91' lang='lat' dir='ltr'><strong>non</strong></span> <span class='ocrx_word' id='word_1_255' title='bbox 1294 2179 1421 2236; x_wconf 87' lang='lat' dir='ltr'><strong>plene</strong></span> <span class='ocrx_word' id='word_1_256' title='bbox 1442 2187 1569 2236; x_wconf 83' lang='lat' dir='ltr'><strong>atque</strong></span> <span class='ocrx_word' id='word_1_257' title='bbox 1595 2193 1697 2238; x_wconf 86' lang='lat' dir='ltr'><strong>per-</strong></span> 
     </span>
     <span class='ocr_line' id='line_1_30' title="bbox 334 2245 1695 2308; baseline 0.002 -18"><span class='ocrx_word' id='word_1_258' title='bbox 334 2247 445 2291; x_wconf 76' lang='lat' dir='ltr'><strong>fecte</strong></span> <span class='ocrx_word' id='word_1_259' title='bbox 469 2261 478 2289; x_wconf 80' lang='lat' dir='ltr'><strong>t</strong></span> <span class='ocrx_word' id='word_1_260' title='bbox 500 2245 652 2288; x_wconf 91' lang='lat' dir='ltr'><strong>deinde</strong></span> <span class='ocrx_word' id='word_1_261' title='bbox 669 2254 846 2304; x_wconf 84' lang='lat' dir='ltr'><strong>augetur</strong></span> <span class='ocrx_word' id='word_1_262' title='bbox 867 2261 1001 2296; x_wconf 90' lang='lat' dir='ltr'><strong>amor,</strong></span> <span class='ocrx_word' id='word_1_263' title='bbox 1020 2255 1063 2290; x_wconf 93' lang='lat' dir='ltr'><strong>et</strong></span> <span class='ocrx_word' id='word_1_264' title='bbox 1083 2256 1313 2306; x_wconf 88' lang='lat' dir='ltr'><strong>conceptus</strong></span> <span class='ocrx_word' id='word_1_265' title='bbox 1331 2249 1549 2299; x_wconf 85' lang='lat' dir='ltr'><strong>adolescit,</strong></span> <span class='ocrx_word' id='word_1_266' title='bbox 1568 2257 1695 2308; x_wconf 88' lang='lat' dir='ltr'><strong>atque</strong></span> 
     </span>
     <span class='ocr_line' id='line_1_31' title="bbox 334 2315 1695 2380; baseline 0.001 -17"><span class='ocrx_word' id='word_1_267' title='bbox 334 2334 386 2363; x_wconf 89' lang='lat' dir='ltr'><strong>ex</strong></span> <span class='ocrx_word' id='word_1_268' title='bbox 407 2317 636 2360; x_wconf 89' lang='lat' dir='ltr'><strong>seminibus</strong></span> <span class='ocrx_word' id='word_1_269' title='bbox 653 2315 744 2374; x_wconf 88' lang='lat' dir='ltr'><strong>ejus</strong></span> <span class='ocrx_word' id='word_1_270' title='bbox 767 2332 859 2374; x_wconf 89' lang='lat' dir='ltr'><strong>quae</strong></span> <span class='ocrx_word' id='word_1_271' title='bbox 881 2319 1065 2375; x_wconf 89' lang='lat' dir='ltr'><strong>quodam</strong></span> <span class='ocrx_word' id='word_1_272' title='bbox 1085 2319 1479 2378; x_wconf 50' lang='lat' dir='ltr'><strong>utero-‘intelligibili</strong></span> <span class='ocrx_word' id='word_1_273' title='bbox 1501 2334 1695 2380; x_wconf 88' lang='lat' dir='ltr'><strong>suscepe-</strong></span> 
     </span>
     <span class='ocr_line' id='line_1_32' title="bbox 333 2388 1694 2448; baseline 0.002 -17"><span class='ocrx_word' id='word_1_274' title='bbox 333 2389 388 2431; x_wconf 89' lang='lat' dir='ltr'><strong>rit</strong></span> <span class='ocrx_word' id='word_1_275' title='bbox 406 2388 564 2435; x_wconf 86' lang='lat' dir='ltr'><strong>anima,</strong></span> <span class='ocrx_word' id='word_1_276' title='bbox 587 2395 718 2429; x_wconf 89' lang='lat' dir='ltr'><strong>totam</strong></span> <span class='ocrx_word' id='word_1_277' title='bbox 740 2388 1047 2445; x_wconf 89' lang='lat' dir='ltr'><strong>plenitudinem</strong></span> <span class='ocrx_word' id='word_1_278' title='bbox 1066 2388 1304 2435; x_wconf 87' lang='lat' dir='ltr'><strong>Divinitatis</strong></span> <span class='ocrx_word' id='word_1_279' title='bbox 1321 2389 1414 2448; x_wconf 88' lang='lat' dir='ltr'><strong>ejus</strong></span> <span class='ocrx_word' id='word_1_280' title='bbox 1429 2389 1694 2434; x_wconf 84' lang='lat' dir='ltr'><strong>habitantem</strong></span> 
     </span>
     <span class='ocr_line' id='line_1_33' title="bbox 327 2454 1689 2520; baseline 0.002 -18"><span class='ocrx_word' id='word_1_281' title='bbox 327 2458 378 2503; x_wconf 80' lang='lat' dir='ltr'><strong>in</strong></span> <span class='ocrx_word' id='word_1_282' title='bbox 398 2471 448 2500; x_wconf 92' lang='lat' dir='ltr'><strong>eo</strong></span> <span class='ocrx_word' id='word_1_283' title='bbox 470 2457 759 2515; x_wconf 84' lang='lat' dir='ltr'><strong>corporaliter,</strong></span> <span class='ocrx_word' id='word_1_284' title='bbox 785 2465 831 2501; x_wconf 91' lang='lat' dir='ltr'><strong>ut</strong></span> <span class='ocrx_word' id='word_1_285' title='bbox 849 2458 1050 2517; x_wconf 83' lang='lat' dir='ltr'><strong>legimus,</strong></span> <span class='ocrx_word' id='word_1_286' title='bbox 1071 2454 1215 2520; x_wconf 77' lang='lat' dir='ltr'><strong>videre</strong></span> <span class='ocrx_word' id='word_1_287' title='bbox 1238 2460 1461 2505; x_wconf 87' lang='lat' dir='ltr'><strong>desiderat.</strong></span> <span class='ocrx_word' id='word_1_288' title='bbox 1483 2458 1689 2512; x_wconf 65' lang='lat' dir='ltr'><strong>Surrexit,</strong></span> 
     </span>
    </p>
   </div>
   <div class='ocr_carea' id='block_1_3' title="bbox 382 2546 1267 2592">
    <p class='ocr_par' dir='ltr' id='par_1_4' title="bbox 382 2546 1267 2592">
     <span class='ocr_line' id='line_1_34' title="bbox 382 2546 1267 2592; baseline 0.005 -14"><span class='ocrx_word' id='word_1_289' title='bbox 382 2555 391 2571; x_wconf 86' lang='lat'>¹</span> <span class='ocrx_word' id='word_1_290' title='bbox 411 2546 514 2592; x_wconf 76' lang='lat' dir='ltr'><strong>Apoc.</strong></span> <span class='ocrx_word' id='word_1_291' title='bbox 533 2558 585 2589; x_wconf 82' lang='grc' dir='ltr'><strong><em>ιιι,</em></strong></span> <span class='ocrx_word' id='word_1_292' title='bbox 603 2558 655 2582; x_wconf 77' lang='lat'><strong>20.</strong></span> <span class='ocrx_word' id='word_1_293' title='bbox 673 2567 711 2574; x_wconf 94' lang='lat'><strong>—</strong></span> <span class='ocrx_word' id='word_1_294' title='bbox 729 2558 741 2573; x_wconf 80' lang='lat'><strong>¹</strong></span> <span class='ocrx_word' id='word_1_295' title='bbox 758 2548 854 2583; x_wconf 84' lang='lat' dir='ltr'><strong>Cant.</strong></span> <span class='ocrx_word' id='word_1_296' title='bbox 872 2561 918 2589; x_wconf 75' lang='lat' dir='ltr'><strong>iv,</strong></span> <span class='ocrx_word' id='word_1_297' title='bbox 933 2549 965 2584; x_wconf 81' lang='lat'><strong>8.</strong></span> <span class='ocrx_word' id='word_1_298' title='bbox 985 2550 1054 2577; x_wconf 70' lang='grc'><strong>-3</strong></span> <span class='ocrx_word' id='word_1_299' title='bbox 1074 2548 1125 2584; x_wconf 87' lang='lat' dir='ltr'><strong>Id.</strong></span> <span class='ocrx_word' id='word_1_300' title='bbox 1144 2549 1220 2592; x_wconf 59' lang='grc'><strong>’,4,</strong></span> <span class='ocrx_word' id='word_1_301' title='bbox 1238 2550 1267 2583; x_wconf 82' lang='grc'><strong>5.</strong></span> 
     </span>
    </p>
   </div>
  </div>
 </body>
</html>
