<?xml version="1.0" encoding="UTF-8"?>
<!DOCTYPE html PUBLIC "-//W3C//DTD XHTML 1.0 Transitional//EN"
    "http://www.w3.org/TR/xhtml1/DTD/xhtml1-transitional.dtd">
<html xmlns="http://www.w3.org/1999/xhtml" xml:lang="en" lang="en">
 <head>
  <title>
</title>
<meta http-equiv="Content-Type" content="text/html;charset=utf-8" />
  <meta name='ocr-system' content='tesseract 3.04.00' />
  <meta name='ocr-capabilities' content='ocr_page ocr_carea ocr_par ocr_line ocrx_word'/>
</head>
<body>
  <div class='ocr_page' id='page_1' title='image "./omniaequaeextant02ambruoft_0045.png"; bbox 0 0 1780 3120; ppageno 0'>
   <div class='ocr_carea' id='block_1_1' title="bbox 395 238 1472 305">
    <p class='ocr_par' dir='ltr' id='par_1_1' title="bbox 395 238 1472 305">
     <span class='ocr_line' id='line_1_1' title="bbox 395 238 1472 305; baseline 0 -16"><span class='ocrx_word' id='word_1_1' title='bbox 395 259 450 289; x_wconf 73' lang='lat' dir='ltr'><strong>ns</strong></span> <span class='ocrx_word' id='word_1_2' title='bbox 481 257 602 288; x_wconf 58' lang='lat' dir='ltr'><strong>msc</strong></span> <span class='ocrx_word' id='word_1_3' title='bbox 636 257 691 287; x_wconf 73' lang='lat' dir='ltr'><strong>nr</strong></span> <span class='ocrx_word' id='word_1_4' title='bbox 728 257 873 287; x_wconf 64' lang='lat' dir='ltr'><strong>Amus-</strong></span> <span class='ocrx_word' id='word_1_5' title='bbox 911 238 1033 287; x_wconf 63' lang='lat' dir='ltr'><strong>timna</strong></span> <span class='ocrx_word' id='word_1_6' title='bbox 1063 257 1183 288; x_wconf 66' lang='lat' dir='ltr'><strong>usus.</strong></span> <span class='ocrx_word' id='word_1_7' title='bbox 1416 243 1472 305; x_wconf 86' lang='lat'><strong>37</strong></span> 
     </span>
    </p>
   </div>
   <div class='ocr_carea' id='block_1_2' title="bbox 79 334 1477 1870">
    <p class='ocr_par' dir='ltr' id='par_1_2' title="bbox 90 334 1477 958">
     <span class='ocr_line' id='line_1_2' title="bbox 102 334 1471 400; baseline -0.004 -16"><span class='ocrx_word' id='word_1_8' title='bbox 102 355 235 400; x_wconf 80' lang='lat' dir='ltr'><strong>quem</strong></span> <span class='ocrx_word' id='word_1_9' title='bbox 255 338 500 385; x_wconf 81' lang='lat' dir='ltr'><strong>doctorem,</strong></span> <span class='ocrx_word' id='word_1_10' title='bbox 530 335 604 394; x_wconf 87' lang='lat' dir='ltr'><strong>qui</strong></span> <span class='ocrx_word' id='word_1_11' title='bbox 623 350 713 379; x_wconf 90' lang='lat' dir='ltr'><strong>rem</strong></span> <span class='ocrx_word' id='word_1_12' title='bbox 734 334 960 378; x_wconf 81' lang='lat' dir='ltr'><strong>obscuram</strong></span> <span class='ocrx_word' id='word_1_13' title='bbox 983 335 1084 377; x_wconf 81' lang='lat' dir='ltr'><strong>velit</strong></span> <span class='ocrx_word' id='word_1_14' title='bbox 1110 334 1277 394; x_wconf 84' lang='lat' dir='ltr'><strong>aperire</strong></span> <span class='ocrx_word' id='word_1_15' title='bbox 1299 335 1471 379; x_wconf 89' lang='lat' dir='ltr'><strong>audien-</strong></span> 
     </span>
     <span class='ocr_line' id='line_1_3' title="bbox 112 405 1476 467; baseline -0.002 -13"><span class='ocrx_word' id='word_1_16' title='bbox 112 411 255 454; x_wconf 82' lang='lat' dir='ltr'><strong>tibus:</strong></span> <span class='ocrx_word' id='word_1_17' title='bbox 278 407 641 467; x_wconf 81' lang='lat' dir='ltr'><strong>quemadmodum</strong></span> <span class='ocrx_word' id='word_1_18' title='bbox 664 406 743 450; x_wconf 85' lang='lat' dir='ltr'><strong>etsi</strong></span> <span class='ocrx_word' id='word_1_19' title='bbox 768 406 856 465; x_wconf 87' lang='lat' dir='ltr'><strong>ipse</strong></span> <span class='ocrx_word' id='word_1_20' title='bbox 884 413 1035 464; x_wconf 84' lang='lat' dir='ltr'><strong>potens</strong></span> <span class='ocrx_word' id='word_1_21' title='bbox 1063 405 1107 448; x_wconf 90' lang='lat' dir='ltr'><strong>in</strong></span> <span class='ocrx_word' id='word_1_22' title='bbox 1136 421 1332 448; x_wconf 87' lang='lat' dir='ltr'><strong>sermone</strong></span> <span class='ocrx_word' id='word_1_23' title='bbox 1360 407 1415 449; x_wconf 90' lang='lat' dir='ltr'><strong>sit</strong></span> <span class='ocrx_word' id='word_1_24' title='bbox 1431 415 1476 451; x_wconf 84' lang='lat' dir='ltr'><strong>et</strong></span> 
     </span>
     <span class='ocr_line' id='line_1_4' title="bbox 101 475 1477 534; baseline -0.001 -11"><span class='ocrx_word' id='word_1_25' title='bbox 101 480 298 530; x_wconf 80' lang='lat' dir='ltr'><strong>scientia,</strong></span> <span class='ocrx_word' id='word_1_26' title='bbox 323 477 639 522; x_wconf 80' lang='lat' dir='ltr'><strong>condescendat</strong></span> <span class='ocrx_word' id='word_1_27' title='bbox 663 485 806 520; x_wconf 90' lang='lat' dir='ltr'><strong>tamen</strong></span> <span class='ocrx_word' id='word_1_28' title='bbox 828 478 881 519; x_wconf 90' lang='lat' dir='ltr'><strong>ad</strong></span> <span class='ocrx_word' id='word_1_29' title='bbox 906 491 1054 519; x_wconf 88' lang='lat' dir='ltr'><strong>eorum</strong></span> <span class='ocrx_word' id='word_1_30' title='bbox 1074 475 1284 519; x_wconf 85' lang='lat' dir='ltr'><strong>inscitiam</strong></span> <span class='ocrx_word' id='word_1_31' title='bbox 1301 476 1477 534; x_wconf 82' lang='lat' dir='ltr'><strong>quinon</strong></span> 
     </span>
     <span class='ocr_line' id='line_1_5' title="bbox 106 547 1472 609; baseline -0.001 -15"><span class='ocrx_word' id='word_1_32' title='bbox 106 547 371 609; x_wconf 65' lang='lat' dir='ltr'><strong>intelligunt,</strong></span> <span class='ocrx_word' id='word_1_33' title='bbox 393 556 436 592; x_wconf 91' lang='lat' dir='ltr'><strong>et</strong></span> <span class='ocrx_word' id='word_1_34' title='bbox 456 547 639 606; x_wconf 78' lang='lat' dir='ltr'>simplici</span> <span class='ocrx_word' id='word_1_35' title='bbox 666 555 709 590; x_wconf 90' lang='lat' dir='ltr'><strong>et</strong></span> <span class='ocrx_word' id='word_1_36' title='bbox 730 547 919 606; x_wconf 78' lang='lat' dir='ltr'>planiore</span> <span class='ocrx_word' id='word_1_37' title='bbox 941 555 1069 604; x_wconf 87' lang='lat' dir='ltr'><strong>atque</strong></span> <span class='ocrx_word' id='word_1_38' title='bbox 1094 547 1248 590; x_wconf 86' lang='lat' dir='ltr'><strong>usitato</strong></span> <span class='ocrx_word' id='word_1_39' title='bbox 1276 563 1472 592; x_wconf 78' lang='lat' dir='ltr'>sermone</span> 
     </span>
     <span class='ocr_line' id='line_1_6' title="bbox 100 617 1476 678; baseline 0 -15"><span class='ocrx_word' id='word_1_40' title='bbox 100 628 278 671; x_wconf 81' lang='lat' dir='ltr'><strong>utatur,</strong></span> <span class='ocrx_word' id='word_1_41' title='bbox 300 628 348 663; x_wconf 90' lang='lat' dir='ltr'><strong>ut</strong></span> <span class='ocrx_word' id='word_1_42' title='bbox 369 619 503 678; x_wconf 83' lang='lat' dir='ltr'><strong>possit</strong></span> <span class='ocrx_word' id='word_1_43' title='bbox 525 618 713 676; x_wconf 77' lang='lat' dir='ltr'><strong>intelligi.</strong></span> <span class='ocrx_word' id='word_1_44' title='bbox 740 617 943 675; x_wconf 83' lang='lat' dir='ltr'><strong>Quisquis</strong></span> <span class='ocrx_word' id='word_1_45' title='bbox 968 617 1095 676; x_wconf 82' lang='lat' dir='ltr'><strong>igitur</strong></span> <span class='ocrx_word' id='word_1_46' title='bbox 1119 617 1231 661; x_wconf 86' lang='lat' dir='ltr'><strong>inter</strong></span> <span class='ocrx_word' id='word_1_47' title='bbox 1255 619 1476 663; x_wconf 77' lang='lat' dir='ltr'><strong>audientes</strong></span> 
     </span>
     <span class='ocr_line' id='line_1_7' title="bbox 91 687 1476 747; baseline -0.001 -14"><span class='ocrx_word' id='word_1_48' title='bbox 91 690 289 733; x_wconf 46' lang='lat' dir='ltr'><strong>vivacior</strong></span> <span class='ocrx_word' id='word_1_49' title='bbox 303 705 431 732; x_wconf 89' lang='lat' dir='ltr'><strong>sensu</strong></span> <span class='ocrx_word' id='word_1_50' title='bbox 452 689 522 739; x_wconf 89' lang='lat' dir='ltr'><strong>sit,</strong></span> <span class='ocrx_word' id='word_1_51' title='bbox 546 688 621 746; x_wconf 90' lang='lat' dir='ltr'><strong>qui</strong></span> <span class='ocrx_word' id='word_1_52' title='bbox 637 687 762 731; x_wconf 80' lang='lat' dir='ltr'><strong>facile</strong></span> <span class='ocrx_word' id='word_1_53' title='bbox 775 688 895 745; x_wconf 88' lang='lat' dir='ltr'><strong>sequi</strong></span> <span class='ocrx_word' id='word_1_54' title='bbox 916 688 1065 746; x_wconf 86' lang='lat' dir='ltr'><strong>possit,</strong></span> <span class='ocrx_word' id='word_1_55' title='bbox 1083 689 1219 731; x_wconf 80' lang='lat' dir='ltr'><strong>elevat</strong></span> <span class='ocrx_word' id='word_1_56' title='bbox 1234 703 1333 730; x_wconf 90' lang='lat' dir='ltr'><strong>eum</strong></span> <span class='ocrx_word' id='word_1_57' title='bbox 1349 697 1476 747; x_wconf 85' lang='lat' dir='ltr'><strong>atque</strong></span> 
     </span>
     <span class='ocr_line' id='line_1_8' title="bbox 90 758 1476 817; baseline -0.001 -13"><span class='ocrx_word' id='word_1_58' title='bbox 90 761 277 804; x_wconf 67' lang='lat' dir='ltr'><strong>excutit.</strong></span> <span class='ocrx_word' id='word_1_59' title='bbox 310 761 436 803; x_wconf 87' lang='lat' dir='ltr'><strong>Hunc</strong></span> <span class='ocrx_word' id='word_1_60' title='bbox 465 758 615 802; x_wconf 82' lang='lat' dir='ltr'><strong>videns</strong></span> <span class='ocrx_word' id='word_1_61' title='bbox 644 760 798 801; x_wconf 89' lang='lat' dir='ltr'><strong>doctor</strong></span> <span class='ocrx_word' id='word_1_62' title='bbox 826 766 1025 807; x_wconf 80' lang='lat' dir='ltr'><strong>revocat,</strong></span> <span class='ocrx_word' id='word_1_63' title='bbox 1055 766 1103 800; x_wconf 88' lang='lat' dir='ltr'><strong>ut</strong></span> <span class='ocrx_word' id='word_1_64' title='bbox 1128 758 1315 817; x_wconf 83' lang='lat' dir='ltr'><strong>patiatur</strong></span> <span class='ocrx_word' id='word_1_65' title='bbox 1346 758 1476 817; x_wconf 83' lang='lat' dir='ltr'><strong>magis</strong></span> 
     </span>
     <span class='ocr_line' id='line_1_9' title="bbox 104 828 1476 888; baseline 0 -15"><span class='ocrx_word' id='word_1_66' title='bbox 104 831 324 874; x_wconf 86' lang='lat' dir='ltr'><strong>doctorem</strong></span> <span class='ocrx_word' id='word_1_67' title='bbox 353 829 652 872; x_wconf 84' lang='lat' dir='ltr'><strong>humilioribus</strong></span> <span class='ocrx_word' id='word_1_68' title='bbox 676 836 721 872; x_wconf 90' lang='lat' dir='ltr'><strong>et</strong></span> <span class='ocrx_word' id='word_1_69' title='bbox 752 828 1015 888; x_wconf 81' lang='lat' dir='ltr'><strong>planioribus</strong></span> <span class='ocrx_word' id='word_1_70' title='bbox 1046 828 1290 879; x_wconf 89' lang='lat' dir='ltr'><strong>immorari,</strong></span> <span class='ocrx_word' id='word_1_71' title='bbox 1319 845 1403 888; x_wconf 91' lang='lat' dir='ltr'><strong>quo</strong></span> <span class='ocrx_word' id='word_1_72' title='bbox 1432 839 1476 873; x_wconf 85' lang='lat' dir='ltr'><strong>et</strong></span> 
     </span>
     <span class='ocr_line' id='line_1_10' title="bbox 101 899 584 958; baseline -0.004 -15"><span class='ocrx_word' id='word_1_73' title='bbox 101 901 248 943; x_wconf 83' lang='lat' dir='ltr'><strong>caeteri</strong></span> <span class='ocrx_word' id='word_1_74' title='bbox 271 899 389 958; x_wconf 83' lang='lat' dir='ltr'><strong>sequi</strong></span> <span class='ocrx_word' id='word_1_75' title='bbox 407 899 584 958; x_wconf 86' lang='lat' dir='ltr'><strong>possint.</strong></span> 
     </span>
    </p>

    <p class='ocr_par' dir='ltr' id='par_1_3' title="bbox 97 968 1475 1379">
     <span class='ocr_line' id='line_1_11' title="bbox 159 968 1474 1026; baseline 0 -14"><span class='ocrx_word' id='word_1_76' title='bbox 159 969 307 1012; x_wconf 84' lang='lat' dir='ltr'><strong>Lvln.</strong></span> <span class='ocrx_word' id='word_1_77' title='bbox 337 969 466 1021; x_wconf 84' lang='lat' dir='ltr'><strong>Quod</strong></span> <span class='ocrx_word' id='word_1_78' title='bbox 478 968 715 1026; x_wconf 72' lang='lat' dir='ltr'><strong>aitAquila,</strong></span> <span class='ocrx_word' id='word_1_79' title='bbox 731 986 747 1007; x_wconf 79' lang='grc' dir='ltr'>ι</span> <span class='ocrx_word' id='word_1_80' title='bbox 763 968 928 1011; x_wconf 87' lang='lat' dir='ltr'><strong>Sonans</strong></span> <span class='ocrx_word' id='word_1_81' title='bbox 944 978 991 1011; x_wconf 92' lang='lat' dir='ltr'><strong>ut</strong></span> <span class='ocrx_word' id='word_1_82' title='bbox 1006 969 1207 1018; x_wconf 84' lang='lat' dir='ltr'><strong>revelata,</strong></span> <span class='ocrx_word' id='word_1_83' title='bbox 1222 988 1239 1009; x_wconf 69' lang='grc' dir='ltr'><strong><em>ι</em></strong></span> <span class='ocrx_word' id='word_1_84' title='bbox 1252 978 1474 1013; x_wconf 83' lang='lat' dir='ltr'><strong>sonantem</strong></span> 
     </span>
     <span class='ocr_line' id='line_1_12' title="bbox 100 1038 1475 1097; baseline 0.001 -16"><span class='ocrx_word' id='word_1_85' title='bbox 100 1039 158 1088; x_wconf 72' lang='lat' dir='ltr'><strong>ad</strong></span> <span class='ocrx_word' id='word_1_86' title='bbox 178 1039 499 1082; x_wconf 79' lang='lat' dir='ltr'><strong>admirationem</strong></span> <span class='ocrx_word' id='word_1_87' title='bbox 531 1038 702 1097; x_wconf 85' lang='lat' dir='ltr'><strong>dignam</strong></span> <span class='ocrx_word' id='word_1_88' title='bbox 723 1039 899 1088; x_wconf 75' lang='lat' dir='ltr'><strong>retulit,</strong></span> <span class='ocrx_word' id='word_1_89' title='bbox 930 1039 1050 1096; x_wconf 87' lang='lat' dir='ltr'><strong>quasi</strong></span> <span class='ocrx_word' id='word_1_90' title='bbox 1075 1054 1226 1097; x_wconf 85' lang='lat' dir='ltr'><strong>magna</strong></span> <span class='ocrx_word' id='word_1_91' title='bbox 1255 1048 1298 1082; x_wconf 88' lang='lat' dir='ltr'><strong>et</strong></span> <span class='ocrx_word' id='word_1_92' title='bbox 1321 1056 1475 1083; x_wconf 87' lang='lat' dir='ltr'><strong>sonora</strong></span> 
     </span>
     <span class='ocr_line' id='line_1_13' title="bbox 97 1107 1473 1167; baseline 0.001 -16"><span class='ocrx_word' id='word_1_93' title='bbox 97 1107 333 1152; x_wconf 78' lang='lat' dir='ltr'><strong>habentem</strong></span> <span class='ocrx_word' id='word_1_94' title='bbox 349 1123 504 1167; x_wconf 87' lang='lat' dir='ltr'><strong>opera:</strong></span> <span class='ocrx_word' id='word_1_95' title='bbox 523 1110 724 1157; x_wconf 83' lang='lat' dir='ltr'><strong>revelata,</strong></span> <span class='ocrx_word' id='word_1_96' title='bbox 742 1110 796 1152; x_wconf 86' lang='lat' dir='ltr'><strong>ad</strong></span> <span class='ocrx_word' id='word_1_97' title='bbox 806 1123 984 1167; x_wconf 86' lang='lat' dir='ltr'><strong>operum</strong></span> <span class='ocrx_word' id='word_1_98' title='bbox 997 1109 1259 1158; x_wconf 85' lang='lat' dir='ltr'><strong>claritatem;</strong></span> <span class='ocrx_word' id='word_1_99' title='bbox 1281 1110 1346 1151; x_wconf 79' lang='lat' dir='ltr'><strong>vel</strong></span> <span class='ocrx_word' id='word_1_100' title='bbox 1357 1111 1473 1167; x_wconf 89' lang='lat' dir='ltr'><strong>quod</strong></span> 
     </span>
     <span class='ocr_line' id='line_1_14' title="bbox 102 1177 1464 1237; baseline 0.002 -17"><span class='ocrx_word' id='word_1_101' title='bbox 102 1177 196 1236; x_wconf 85' lang='lat' dir='ltr'><strong>ejus</strong></span> <span class='ocrx_word' id='word_1_102' title='bbox 226 1179 374 1221; x_wconf 81' lang='lat' dir='ltr'><strong>animae</strong></span> <span class='ocrx_word' id='word_1_103' title='bbox 403 1194 531 1237; x_wconf 87' lang='lat' dir='ltr'><strong>opera</strong></span> <span class='ocrx_word' id='word_1_104' title='bbox 557 1180 730 1221; x_wconf 91' lang='lat' dir='ltr'><strong>luceant</strong></span> <span class='ocrx_word' id='word_1_105' title='bbox 752 1193 898 1221; x_wconf 90' lang='lat' dir='ltr'><strong>coram</strong></span> <span class='ocrx_word' id='word_1_106' title='bbox 922 1178 1047 1222; x_wconf 89' lang='lat' dir='ltr'><strong>Patre</strong></span> <span class='ocrx_word' id='word_1_107' title='bbox 1075 1180 1148 1237; x_wconf 92' lang='lat' dir='ltr'><strong>qui</strong></span> <span class='ocrx_word' id='word_1_108' title='bbox 1177 1179 1218 1221; x_wconf 90' lang='lat' dir='ltr'><strong>in</strong></span> <span class='ocrx_word' id='word_1_109' title='bbox 1242 1179 1360 1221; x_wconf 89' lang='lat' dir='ltr'><strong>coelis</strong></span> <span class='ocrx_word' id='word_1_110' title='bbox 1387 1189 1464 1223; x_wconf 87' lang='lat' dir='ltr'><strong>cst.</strong></span> 
     </span>
     <span class='ocr_line' id='line_1_15' title="bbox 95 1249 1471 1316; baseline 0.001 -24.01"><span class='ocrx_word' id='word_1_111' title='bbox 95 1250 225 1293; x_wconf 84' lang='lat' dir='ltr'><strong>Unde</strong></span> <span class='ocrx_word' id='word_1_112' title='bbox 240 1266 327 1293; x_wconf 91' lang='lat' dir='ltr'><strong>non</strong></span> <span class='ocrx_word' id='word_1_113' title='bbox 346 1250 479 1292; x_wconf 88' lang='lat' dir='ltr'><strong>otiose</strong></span> <span class='ocrx_word' id='word_1_114' title='bbox 495 1250 670 1308; x_wconf 81' lang='lat' dir='ltr'><strong>pallium</strong></span> <span class='ocrx_word' id='word_1_115' title='bbox 686 1249 779 1308; x_wconf 89' lang='lat' dir='ltr'><strong>ejus</strong></span> <span class='ocrx_word' id='word_1_116' title='bbox 795 1250 1011 1316; x_wconf 81' lang='lat' dir='ltr'><strong>sublatum</strong></span> <span class='ocrx_word' id='word_1_117' title='bbox 1028 1250 1241 1309; x_wconf 82' lang='lat' dir='ltr'><strong>intelligis,</strong></span> <span class='ocrx_word' id='word_1_118' title='bbox 1259 1259 1307 1293; x_wconf 88' lang='lat' dir='ltr'><strong>ut</strong></span> <span class='ocrx_word' id='word_1_119' title='bbox 1326 1259 1471 1310; x_wconf 84' lang='lat' dir='ltr'><strong>aperta</strong></span> 
     </span>
     <span class='ocr_line' id='line_1_16' title="bbox 97 1320 668 1379; baseline -0.002 -16"><span class='ocrx_word' id='word_1_120' title='bbox 97 1320 263 1368; x_wconf 82' lang='lat' dir='ltr'><strong>meritis</strong></span> <span class='ocrx_word' id='word_1_121' title='bbox 284 1329 327 1364; x_wconf 89' lang='lat' dir='ltr'><strong>et</strong></span> <span class='ocrx_word' id='word_1_122' title='bbox 341 1320 456 1363; x_wconf 88' lang='lat' dir='ltr'><strong>nuda</strong></span> <span class='ocrx_word' id='word_1_123' title='bbox 476 1320 668 1379; x_wconf 80' lang='lat' dir='ltr'><strong>fulgeret.</strong></span> 
     </span>
    </p>

    <p class='ocr_par' dir='ltr' id='par_1_4' title="bbox 79 1390 1475 1870">
     <span class='ocr_line' id='line_1_17' title="bbox 79 1390 1475 1451; baseline 0.003 -20"><span class='ocrx_word' id='word_1_124' title='bbox 79 1423 89 1431; x_wconf 90' lang='lat'><strong>.</strong></span> <span class='ocrx_word' id='word_1_125' title='bbox 161 1390 273 1434; x_wconf 87' lang='lat' dir='ltr'><strong>LIX.</strong></span> <span class='ocrx_word' id='word_1_126' title='bbox 311 1390 528 1435; x_wconf 89' lang='lat' dir='ltr'><strong>Laudatur</strong></span> <span class='ocrx_word' id='word_1_127' title='bbox 546 1400 751 1451; x_wconf 64' lang='lat' dir='ltr'><strong>praeterea</strong></span> <span class='ocrx_word' id='word_1_128' title='bbox 766 1393 882 1450; x_wconf 87' lang='lat' dir='ltr'><strong>qnod</strong></span> <span class='ocrx_word' id='word_1_129' title='bbox 908 1391 1069 1435; x_wconf 84' lang='lat' dir='ltr'><strong>fidelis¹</strong></span> <span class='ocrx_word' id='word_1_130' title='bbox 1079 1394 1229 1450; x_wconf 85' lang='lat' dir='ltr'><strong>,quod</strong></span> <span class='ocrx_word' id='word_1_131' title='bbox 1248 1393 1379 1436; x_wconf 78' lang='lat' dir='ltr'><strong>verbo</strong></span> <span class='ocrx_word' id='word_1_132' title='bbox 1396 1408 1475 1451; x_wconf 88' lang='lat' dir='ltr'><strong>po-</strong></span> 
     </span>
     <span class='ocr_line' id='line_1_18' title="bbox 98 1462 1471 1520; baseline 0.002 -17"><span class='ocrx_word' id='word_1_133' title='bbox 98 1469 212 1510; x_wconf 75' lang='lat' dir='ltr'><strong>tens,</strong></span> <span class='ocrx_word' id='word_1_134' title='bbox 234 1462 351 1519; x_wconf 91' lang='lat' dir='ltr'><strong>quod</strong></span> <span class='ocrx_word' id='word_1_135' title='bbox 366 1462 577 1504; x_wconf 79' lang='lat' dir='ltr'><strong>fructibus</strong></span> <span class='ocrx_word' id='word_1_136' title='bbox 597 1462 794 1504; x_wconf 87' lang='lat' dir='ltr'><strong>soecunda</strong></span> <span class='ocrx_word' id='word_1_137' title='bbox 813 1462 1004 1511; x_wconf 82' lang='lat' dir='ltr'><strong>diversis,</strong></span> <span class='ocrx_word' id='word_1_138' title='bbox 1028 1464 1144 1520; x_wconf 88' lang='lat' dir='ltr'><strong>quod</strong></span> <span class='ocrx_word' id='word_1_139' title='bbox 1163 1479 1248 1507; x_wconf 88' lang='lat' dir='ltr'><strong>una</strong></span> <span class='ocrx_word' id='word_1_140' title='bbox 1269 1464 1379 1507; x_wconf 84' lang='lat' dir='ltr'><strong>sicut</strong></span> <span class='ocrx_word' id='word_1_141' title='bbox 1395 1479 1471 1506; x_wconf 91' lang='lat' dir='ltr'><strong>co-</strong></span> 
     </span>
     <span class='ocr_line' id='line_1_19' title="bbox 93 1531 1470 1592; baseline 0.001 -17"><span class='ocrx_word' id='word_1_142' title='bbox 93 1531 247 1575; x_wconf 75' lang='lat' dir='ltr'><strong>‘lumba</strong></span> <span class='ocrx_word' id='word_1_143' title='bbox 265 1531 426 1574; x_wconf 84' lang='lat' dir='ltr'><strong>habens</strong></span> <span class='ocrx_word' id='word_1_144' title='bbox 444 1532 626 1591; x_wconf 82' lang='lat' dir='ltr'><strong>Spiritus</strong></span> <span class='ocrx_word' id='word_1_145' title='bbox 642 1533 866 1582; x_wconf 84' lang='lat' dir='ltr'><strong>unitatem,</strong></span> <span class='ocrx_word' id='word_1_146' title='bbox 889 1533 930 1576; x_wconf 93' lang='lat' dir='ltr'><strong>in</strong></span> <span class='ocrx_word' id='word_1_147' title='bbox 952 1549 1034 1591; x_wconf 85' lang='lat' dir='ltr'><strong>qua</strong></span> <span class='ocrx_word' id='word_1_148' title='bbox 1055 1534 1110 1577; x_wconf 92' lang='lat' dir='ltr'><strong>sit</strong></span> <span class='ocrx_word' id='word_1_149' title='bbox 1130 1550 1227 1592; x_wconf 83' lang='lat' dir='ltr'><strong>pax,</strong></span> <span class='ocrx_word' id='word_1_150' title='bbox 1251 1550 1344 1592; x_wconf 87' lang='lat' dir='ltr'><strong>quae</strong></span> <span class='ocrx_word' id='word_1_151' title='bbox 1369 1535 1470 1578; x_wconf 83' lang='lat' dir='ltr'><strong>fecit</strong></span> 
     </span>
     <span class='ocr_line' id='line_1_20' title="bbox 98 1603 1470 1661; baseline 0.002 -17"><span class='ocrx_word' id='word_1_152' title='bbox 98 1609 283 1659; x_wconf 83' lang='lat' dir='ltr'><strong>utraque</strong></span> <span class='ocrx_word' id='word_1_153' title='bbox 304 1617 439 1644; x_wconf 88' lang='lat' dir='ltr'><strong>unum</strong></span> <span class='ocrx_word' id='word_1_154' title='bbox 458 1619 470 1644; x_wconf 71' lang='grc' dir='ltr'><strong><em>ε</em></strong></span> <span class='ocrx_word' id='word_1_155' title='bbox 488 1611 533 1646; x_wconf 91' lang='lat' dir='ltr'><strong>et</strong></span> <span class='ocrx_word' id='word_1_156' title='bbox 552 1618 647 1661; x_wconf 87' lang='lat' dir='ltr'><strong>quae</strong></span> <span class='ocrx_word' id='word_1_157' title='bbox 668 1618 755 1645; x_wconf 88' lang='lat' dir='ltr'><strong>non</strong></span> <span class='ocrx_word' id='word_1_158' title='bbox 777 1603 831 1646; x_wconf 89' lang='lat' dir='ltr'><strong>sit</strong></span> <span class='ocrx_word' id='word_1_159' title='bbox 854 1604 1087 1661; x_wconf 84' lang='lat' dir='ltr'><strong>composita</strong></span> <span class='ocrx_word' id='word_1_160' title='bbox 1107 1619 1159 1646; x_wconf 87' lang='lat' dir='ltr'><strong>ex</strong></span> <span class='ocrx_word' id='word_1_161' title='bbox 1180 1604 1354 1647; x_wconf 78' lang='lat' dir='ltr'><strong>diversis</strong></span> <span class='ocrx_word' id='word_1_162' title='bbox 1380 1606 1470 1647; x_wconf 89' lang='lat' dir='ltr'><strong>ele-</strong></span> 
     </span>
     <span class='ocr_line' id='line_1_21' title="bbox 95 1672 1470 1731; baseline 0.001 -16"><span class='ocrx_word' id='word_1_163' title='bbox 95 1672 260 1715; x_wconf 81' lang='lat' dir='ltr'><strong>mentis</strong></span> <span class='ocrx_word' id='word_1_164' title='bbox 291 1672 484 1715; x_wconf 71' lang='lat' dir='ltr'><strong>discretae</strong></span> <span class='ocrx_word' id='word_1_165' title='bbox 519 1673 928 1731; x_wconf 81' lang='lat' dir='ltr'><strong>compugnantisque</strong></span> <span class='ocrx_word' id='word_1_166' title='bbox 960 1673 1123 1716; x_wconf 58' lang='lat' dir='ltr'><strong>natura}</strong></span> <span class='ocrx_word' id='word_1_167' title='bbox 1140 1673 1172 1717; x_wconf 85' lang='lat'><strong>².</strong></span> <span class='ocrx_word' id='word_1_168' title='bbox 1210 1675 1326 1727; x_wconf 86' lang='lat' dir='ltr'><strong>Quid</strong></span> <span class='ocrx_word' id='word_1_169' title='bbox 1354 1675 1470 1717; x_wconf 87' lang='lat' dir='ltr'><strong>enim</strong></span> 
     </span>
     <span class='ocr_line' id='line_1_22' title="bbox 96 1741 1469 1802; baseline 0.001 -18"><span class='ocrx_word' id='word_1_170' title='bbox 96 1749 190 1784; x_wconf 65' lang='lat' dir='ltr'><strong>{am</strong></span> <span class='ocrx_word' id='word_1_171' title='bbox 206 1741 418 1784; x_wconf 76' lang='lat' dir='ltr'><strong>diversum</strong></span> <span class='ocrx_word' id='word_1_172' title='bbox 438 1757 565 1799; x_wconf 91' lang='lat' dir='ltr'><strong>quam</strong></span> <span class='ocrx_word' id='word_1_173' title='bbox 588 1741 696 1801; x_wconf 86' lang='lat' dir='ltr'><strong>ignis</strong></span> <span class='ocrx_word' id='word_1_174' title='bbox 715 1750 759 1785; x_wconf 88' lang='lat' dir='ltr'><strong>et</strong></span> <span class='ocrx_word' id='word_1_175' title='bbox 780 1757 887 1800; x_wconf 84' lang='lat' dir='ltr'><strong>aqua</strong></span> <span class='ocrx_word' id='word_1_176' title='bbox 901 1775 913 1791; x_wconf 92' lang='lat'><em>‚</em></span> <span class='ocrx_word' id='word_1_177' title='bbox 938 1747 1010 1786; x_wconf 75' lang='lat' dir='ltr'><strong>ae&#39;r</strong></span> <span class='ocrx_word' id='word_1_178' title='bbox 1026 1751 1069 1786; x_wconf 91' lang='lat' dir='ltr'><strong>et</strong></span> <span class='ocrx_word' id='word_1_179' title='bbox 1089 1751 1222 1793; x_wconf 83' lang='lat' dir='ltr'><strong>terra,</strong></span> <span class='ocrx_word' id='word_1_180' title='bbox 1245 1759 1296 1786; x_wconf 81' lang='lat' dir='ltr'><strong>ex</strong></span> <span class='ocrx_word' id='word_1_181' title='bbox 1312 1745 1469 1802; x_wconf 88' lang='lat' dir='ltr'><strong>quibus</strong></span> 
     </span>
     <span class='ocr_line' id='line_1_23' title="bbox 98 1811 1466 1870; baseline 0.003 -16"><span class='ocrx_word' id='word_1_182' title='bbox 98 1811 292 1870; x_wconf 80' lang='lat' dir='ltr'><strong>corporis</strong></span> <span class='ocrx_word' id='word_1_183' title='bbox 313 1811 445 1855; x_wconf 88' lang='lat' dir='ltr'><strong>nostri</strong></span> <span class='ocrx_word' id='word_1_184' title='bbox 465 1820 659 1854; x_wconf 85' lang='lat' dir='ltr'><strong>creatura</strong></span> <span class='ocrx_word' id='word_1_185' title='bbox 670 1813 859 1855; x_wconf 85' lang='lat' dir='ltr'><strong>consistit</strong></span> <span class='ocrx_word' id='word_1_186' title='bbox 873 1812 893 1854; x_wconf 72' lang='grc' dir='ltr'>Ρ</span> <span class='ocrx_word' id='word_1_187' title='bbox 909 1812 1061 1856; x_wconf 87' lang='lat' dir='ltr'><strong>Anima</strong></span> <span class='ocrx_word' id='word_1_188' title='bbox 1079 1822 1221 1857; x_wconf 85' lang='lat' dir='ltr'><strong>autem</strong></span> <span class='ocrx_word' id='word_1_189' title='bbox 1238 1815 1466 1858; x_wconf 80' lang='lat' dir='ltr'><strong>benedicta</strong></span> 
     </span>
    </p>
   </div>
   <div class='ocr_carea' id='block_1_3' title="bbox 28 1881 1468 1940">
    <p class='ocr_par' dir='ltr' id='par_1_5' title="bbox 0 1865 1468 1940">
     <span class='ocr_line' id='line_1_24' title="bbox 28 1881 1468 1940; baseline 0.003 -16.905"><span class='ocrx_word' id='word_1_190' title='bbox 28 1934 35 1938; x_wconf 37' lang='grc'>-</span> <span class='ocrx_word' id='word_1_191' title='bbox 103 1881 243 1924; x_wconf 88' lang='lat' dir='ltr'><strong>omnis</strong></span> <span class='ocrx_word' id='word_1_192' title='bbox 261 1881 438 1940; x_wconf 86' lang='lat' dir='ltr'><strong>simplex</strong></span> <span class='ocrx_word' id='word_1_193' title='bbox 458 1897 551 1940; x_wconf 77' lang='lat' dir='ltr'><strong>qun:</strong></span> <span class='ocrx_word' id='word_1_194' title='bbox 572 1882 763 1925; x_wconf 83' lang='lat' dir='ltr'><strong>imitatur</strong></span> <span class='ocrx_word' id='word_1_195' title='bbox 782 1883 997 1926; x_wconf 86' lang='lat' dir='ltr'><strong>dicentem</strong></span> <span class='ocrx_word' id='word_1_196' title='bbox 1017 1899 1028 1926; x_wconf 71' lang='grc' dir='ltr'><strong><em>ε</em></strong></span> <span class='ocrx_word' id='word_1_197' title='bbox 1051 1902 1069 1922; x_wconf 75' lang='grc' dir='ltr'>ι</span> <span class='ocrx_word' id='word_1_198' title='bbox 1086 1885 1141 1927; x_wconf 89' lang='lat' dir='ltr'><strong>Ut</strong></span> <span class='ocrx_word' id='word_1_199' title='bbox 1162 1900 1311 1927; x_wconf 90' lang='lat' dir='ltr'><strong>omnes</strong></span> <span class='ocrx_word' id='word_1_200' title='bbox 1333 1901 1468 1928; x_wconf 87' lang='lat' dir='ltr'><strong>unum</strong></span> 
     </span>
    </p>
   </div>
   <div class='ocr_carea' id='block_1_4' title="bbox 97 1951 1470 2574">
    <p class='ocr_par' dir='ltr' id='par_1_6' title="bbox 97 1951 1470 2574">
     <span class='ocr_line' id='line_1_25' title="bbox 101 1951 1470 2011; baseline 0.002 -18"><span class='ocrx_word' id='word_1_201' title='bbox 101 1951 244 2001; x_wconf 65' lang='lat' dir='ltr'><strong>nint,</strong></span> <span class='ocrx_word' id='word_1_202' title='bbox 273 1951 383 1994; x_wconf 87' lang='lat' dir='ltr'><strong>sicut</strong></span> <span class='ocrx_word' id='word_1_203' title='bbox 405 1960 451 1995; x_wconf 90' lang='lat' dir='ltr'><strong>tu</strong></span> <span class='ocrx_word' id='word_1_204' title='bbox 477 1952 602 2002; x_wconf 84' lang='lat' dir='ltr'><strong>Pater</strong></span> <span class='ocrx_word' id='word_1_205' title='bbox 622 1952 665 1994; x_wconf 92' lang='lat' dir='ltr'><strong>in</strong></span> <span class='ocrx_word' id='word_1_206' title='bbox 687 1967 757 1994; x_wconf 85' lang='lat' dir='ltr'><strong>me</strong></span> <span class='ocrx_word' id='word_1_207' title='bbox 778 1961 822 1995; x_wconf 90' lang='lat' dir='ltr'><strong>et</strong></span> <span class='ocrx_word' id='word_1_208' title='bbox 843 1968 922 2010; x_wconf 87' lang='lat' dir='ltr'><strong>ego</strong></span> <span class='ocrx_word' id='word_1_209' title='bbox 948 1953 992 1995; x_wconf 92' lang='lat' dir='ltr'><strong>in</strong></span> <span class='ocrx_word' id='word_1_210' title='bbox 1015 1962 1057 1995; x_wconf 84' lang='lat' dir='ltr'><strong>te</strong></span> <span class='ocrx_word' id='word_1_211' title='bbox 1072 1986 1084 2002; x_wconf 88' lang='lat'>‚</span> <span class='ocrx_word' id='word_1_212' title='bbox 1112 1962 1156 1996; x_wconf 86' lang='lat' dir='ltr'><strong>et</strong></span> <span class='ocrx_word' id='word_1_213' title='bbox 1181 1954 1257 2011; x_wconf 91' lang='lat' dir='ltr'><strong>ipsi</strong></span> <span class='ocrx_word' id='word_1_214' title='bbox 1281 1954 1322 1996; x_wconf 93' lang='lat' dir='ltr'><strong>in</strong></span> <span class='ocrx_word' id='word_1_215' title='bbox 1346 1954 1470 1997; x_wconf 85' lang='lat' dir='ltr'><strong>nobis</strong></span> 
     </span>
     <span class='ocr_line' id='line_1_26' title="bbox 100 2022 1461 2082; baseline 0.004 -20"><span class='ocrx_word' id='word_1_216' title='bbox 100 2039 122 2062; x_wconf 75' lang='grc' dir='ltr'><strong>ι</strong></span> <span class='ocrx_word' id='word_1_217' title='bbox 134 2037 268 2064; x_wconf 89' lang='lat' dir='ltr'><strong>unum</strong></span> <span class='ocrx_word' id='word_1_218' title='bbox 284 2022 408 2064; x_wconf 84' lang='lat' dir='ltr'><strong>sint⁸.</strong></span> <span class='ocrx_word' id='word_1_219' title='bbox 428 2041 444 2062; x_wconf 74' lang='grc' dir='ltr'>ι</span> <span class='ocrx_word' id='word_1_220' title='bbox 456 2023 556 2065; x_wconf 80' lang='lat' dir='ltr'><strong>Haec</strong></span> <span class='ocrx_word' id='word_1_221' title='bbox 567 2031 633 2065; x_wconf 85' lang='lat' dir='ltr'><strong>est</strong></span> <span class='ocrx_word' id='word_1_222' title='bbox 646 2023 762 2065; x_wconf 91' lang='lat' dir='ltr'><strong>enim</strong></span> <span class='ocrx_word' id='word_1_223' title='bbox 778 2023 1089 2066; x_wconf 85' lang='lat' dir='ltr'><strong>consummatio</strong></span> <span class='ocrx_word' id='word_1_224' title='bbox 1101 2032 1228 2081; x_wconf 88' lang='lat' dir='ltr'><strong>atque</strong></span> <span class='ocrx_word' id='word_1_225' title='bbox 1242 2023 1461 2082; x_wconf 79' lang='lat' dir='ltr'><strong>perfectio.</strong></span> 
     </span>
     <span class='ocr_line' id='line_1_27' title="bbox 98 2091 1469 2143; baseline 0.002 -10"><span class='ocrx_word' id='word_1_226' title='bbox 98 2091 227 2134; x_wconf 69' lang='lat' dir='ltr'><strong>{inde</strong></span> <span class='ocrx_word' id='word_1_227' title='bbox 250 2099 294 2133; x_wconf 82' lang='lat' dir='ltr'><strong>ct</strong></span> <span class='ocrx_word' id='word_1_228' title='bbox 319 2092 480 2135; x_wconf 90' lang='lat' dir='ltr'><strong>addidit</strong></span> <span class='ocrx_word' id='word_1_229' title='bbox 502 2107 512 2134; x_wconf 93' lang='lat'><strong>:</strong></span> <span class='ocrx_word' id='word_1_230' title='bbox 541 2109 559 2131; x_wconf 73' lang='grc' dir='ltr'><em>α</em></span> <span class='ocrx_word' id='word_1_231' title='bbox 574 2093 628 2135; x_wconf 89' lang='lat' dir='ltr'><strong>Ut</strong></span> <span class='ocrx_word' id='word_1_232' title='bbox 652 2093 736 2135; x_wconf 88' lang='lat' dir='ltr'><strong>sint</strong></span> <span class='ocrx_word' id='word_1_233' title='bbox 753 2108 885 2135; x_wconf 87' lang='lat' dir='ltr'><strong>unum</strong></span> <span class='ocrx_word' id='word_1_234' title='bbox 899 2126 912 2143; x_wconf 91' lang='lat'>,</span> <span class='ocrx_word' id='word_1_235' title='bbox 939 2093 1049 2136; x_wconf 88' lang='lat' dir='ltr'><strong>sicut</strong></span> <span class='ocrx_word' id='word_1_236' title='bbox 1070 2101 1113 2135; x_wconf 91' lang='lat' dir='ltr'><strong>et</strong></span> <span class='ocrx_word' id='word_1_237' title='bbox 1135 2109 1211 2135; x_wconf 90' lang='lat' dir='ltr'><strong>nos</strong></span> <span class='ocrx_word' id='word_1_238' title='bbox 1237 2109 1371 2136; x_wconf 89' lang='lat' dir='ltr'><strong>unum</strong></span> <span class='ocrx_word' id='word_1_239' title='bbox 1393 2111 1469 2136; x_wconf 32' lang='lat' dir='ltr'><strong>sua</strong></span> 
     </span>
     <span class='ocr_line' id='line_1_28' title="bbox 98 2162 1467 2220; baseline 0.004 -18"><span class='ocrx_word' id='word_1_240' title='bbox 98 2176 226 2204; x_wconf 67' lang='lat' dir='ltr'><strong>amns</strong></span> <span class='ocrx_word' id='word_1_241' title='bbox 247 2177 257 2204; x_wconf 91' lang='lat'>:</span> <span class='ocrx_word' id='word_1_242' title='bbox 283 2163 364 2220; x_wconf 82' lang='lat' dir='ltr'><strong>e’go</strong></span> <span class='ocrx_word' id='word_1_243' title='bbox 390 2162 434 2204; x_wconf 92' lang='lat' dir='ltr'><strong>in</strong></span> <span class='ocrx_word' id='word_1_244' title='bbox 460 2162 548 2211; x_wconf 84' lang='lat' dir='ltr'><strong>his,</strong></span> <span class='ocrx_word' id='word_1_245' title='bbox 574 2170 618 2205; x_wconf 88' lang='lat' dir='ltr'><strong>et</strong></span> <span class='ocrx_word' id='word_1_246' title='bbox 643 2170 689 2205; x_wconf 83' lang='lat' dir='ltr'><strong>tu</strong></span> <span class='ocrx_word' id='word_1_247' title='bbox 719 2163 763 2205; x_wconf 91' lang='lat' dir='ltr'><strong>in</strong></span> <span class='ocrx_word' id='word_1_248' title='bbox 788 2178 884 2212; x_wconf 87' lang='lat' dir='ltr'><strong>me,</strong></span> <span class='ocrx_word' id='word_1_249' title='bbox 916 2171 966 2206; x_wconf 90' lang='lat' dir='ltr'><strong>ut</strong></span> <span class='ocrx_word' id='word_1_250' title='bbox 992 2163 1075 2206; x_wconf 91' lang='lat' dir='ltr'><strong>sint</strong></span> <span class='ocrx_word' id='word_1_251' title='bbox 1105 2165 1391 2207; x_wconf 84' lang='lat' dir='ltr'><strong>consummati</strong></span> <span class='ocrx_word' id='word_1_252' title='bbox 1422 2165 1467 2208; x_wconf 90' lang='lat' dir='ltr'><strong>in</strong></span> 
     </span>
     <span class='ocr_line' id='line_1_29' title="bbox 97 2232 1467 2294; baseline 0.004 -22"><span class='ocrx_word' id='word_1_253' title='bbox 97 2232 312 2275; x_wconf 48' lang='lat' dir='ltr'><strong>sunum&amp;</strong></span> <span class='ocrx_word' id='word_1_254' title='bbox 334 2250 352 2272; x_wconf 72' lang='grc' dir='ltr'><strong><em>ι</em></strong></span> <span class='ocrx_word' id='word_1_255' title='bbox 371 2233 470 2276; x_wconf 82' lang='lat' dir='ltr'><strong>Haec</strong></span> <span class='ocrx_word' id='word_1_256' title='bbox 491 2241 556 2276; x_wconf 87' lang='lat' dir='ltr'><strong>est</strong></span> <span class='ocrx_word' id='word_1_257' title='bbox 582 2248 681 2292; x_wconf 82' lang='lat' dir='ltr'><strong>ergo</strong></span> <span class='ocrx_word' id='word_1_258' title='bbox 703 2233 844 2276; x_wconf 90' lang='lat' dir='ltr'><strong>anima</strong></span> <span class='ocrx_word' id='word_1_259' title='bbox 869 2235 1069 2277; x_wconf 90' lang='lat' dir='ltr'><strong>columba</strong></span> <span class='ocrx_word' id='word_1_260' title='bbox 1101 2250 1187 2277; x_wconf 90' lang='lat' dir='ltr'><strong>una</strong></span> <span class='ocrx_word' id='word_1_261' title='bbox 1217 2243 1341 2293; x_wconf 88' lang='lat' dir='ltr'><strong>atque</strong></span> <span class='ocrx_word' id='word_1_262' title='bbox 1367 2251 1467 2294; x_wconf 91' lang='lat' dir='ltr'><strong>per-</strong></span> 
     </span>
     <span class='ocr_line' id='line_1_30' title="bbox 98 2302 1467 2362; baseline 0.001 -16"><span class='ocrx_word' id='word_1_263' title='bbox 98 2303 227 2351; x_wconf 71' lang='lat' dir='ltr'><strong>fecta,</strong></span> <span class='ocrx_word' id='word_1_264' title='bbox 250 2317 344 2359; x_wconf 77' lang='lat' dir='ltr'><strong>qum</strong></span> <span class='ocrx_word' id='word_1_265' title='bbox 364 2302 542 2361; x_wconf 86' lang='lat' dir='ltr'><strong>simplex</strong></span> <span class='ocrx_word' id='word_1_266' title='bbox 563 2312 689 2361; x_wconf 86' lang='lat' dir='ltr'><strong>atque</strong></span> <span class='ocrx_word' id='word_1_267' title='bbox 707 2303 953 2362; x_wconf 72' lang='lat' dir='ltr'><strong>spiritualis,</strong></span> <span class='ocrx_word' id='word_1_268' title='bbox 970 2320 1109 2362; x_wconf 89' lang='lat' dir='ltr'><strong>neque</strong></span> <span class='ocrx_word' id='word_1_269' title='bbox 1123 2305 1253 2362; x_wconf 90' lang='lat' dir='ltr'><strong>hujus</strong></span> <span class='ocrx_word' id='word_1_270' title='bbox 1271 2306 1467 2348; x_wconf 58' lang='lat' dir='ltr'><strong>turbatur</strong></span> 
     </span>
     <span class='ocr_line' id='line_1_31' title="bbox 100 2372 1468 2433; baseline 0.001 -18"><span class='ocrx_word' id='word_1_271' title='bbox 100 2372 294 2431; x_wconf 86' lang='lat' dir='ltr'><strong>corporis</strong></span> <span class='ocrx_word' id='word_1_272' title='bbox 320 2373 604 2430; x_wconf 83' lang='lat' dir='ltr'><strong>passionibus,</strong></span> <span class='ocrx_word' id='word_1_273' title='bbox 638 2373 682 2416; x_wconf 92' lang='lat' dir='ltr'><strong>in</strong></span> <span class='ocrx_word' id='word_1_274' title='bbox 714 2389 798 2431; x_wconf 92' lang='lat' dir='ltr'><strong>quo</strong></span> <span class='ocrx_word' id='word_1_275' title='bbox 822 2373 926 2417; x_wconf 84' lang='lat' dir='ltr'><strong>soris</strong></span> <span class='ocrx_word' id='word_1_276' title='bbox 947 2390 1124 2433; x_wconf 81' lang='lat' dir='ltr'><strong>pugnae,</strong></span> <span class='ocrx_word' id='word_1_277' title='bbox 1154 2375 1268 2418; x_wconf 90' lang='lat' dir='ltr'><strong>intus</strong></span> <span class='ocrx_word' id='word_1_278' title='bbox 1292 2375 1468 2417; x_wconf 85' lang='lat' dir='ltr'><strong>timores</strong></span> 
     </span>
     <span class='ocr_line' id='line_1_32' title="bbox 102 2444 1468 2505; baseline 0.002 -19"><span class='ocrx_word' id='word_1_279' title='bbox 102 2444 215 2487; x_wconf 76' lang='lat' dir='ltr'><strong>sunt.</strong></span> <span class='ocrx_word' id='word_1_280' title='bbox 250 2444 448 2501; x_wconf 82' lang='lat' dir='ltr'><strong>Denique</strong></span> <span class='ocrx_word' id='word_1_281' title='bbox 472 2444 556 2488; x_wconf 90' lang='lat' dir='ltr'><strong>hoc</strong></span> <span class='ocrx_word' id='word_1_282' title='bbox 577 2446 710 2490; x_wconf 80' lang='lat' dir='ltr'><strong>verbo</strong></span> <span class='ocrx_word' id='word_1_283' title='bbox 736 2446 910 2489; x_wconf 85' lang='lat' dir='ltr'><strong>unitatis</strong></span> <span class='ocrx_word' id='word_1_284' title='bbox 942 2447 1218 2490; x_wconf 83' lang='lat' dir='ltr'><strong>concordiam</strong></span> <span class='ocrx_word' id='word_1_285' title='bbox 1249 2455 1293 2490; x_wconf 92' lang='lat' dir='ltr'><strong>et</strong></span> <span class='ocrx_word' id='word_1_286' title='bbox 1317 2461 1468 2505; x_wconf 88' lang='lat' dir='ltr'><strong>pacem</strong></span> 
     </span>
     <span class='ocr_line' id='line_1_33' title="bbox 98 2513 1462 2574; baseline 0.001 -15"><span class='ocrx_word' id='word_1_287' title='bbox 98 2513 326 2572; x_wconf 74' lang='lat' dir='ltr'><strong>significari</strong></span> <span class='ocrx_word' id='word_1_288' title='bbox 345 2515 565 2574; x_wconf 86' lang='lat' dir='ltr'><strong>Scriptura</strong></span> <span class='ocrx_word' id='word_1_289' title='bbox 584 2531 662 2560; x_wconf 89' lang='lat' dir='ltr'><strong>nos</strong></span> <span class='ocrx_word' id='word_1_290' title='bbox 684 2518 811 2560; x_wconf 84' lang='lat' dir='ltr'><strong>docet</strong></span> <span class='ocrx_word' id='word_1_291' title='bbox 835 2517 1008 2560; x_wconf 88' lang='lat' dir='ltr'><strong>dicens:</strong></span> <span class='ocrx_word' id='word_1_292' title='bbox 1031 2536 1049 2557; x_wconf 76' lang='grc' dir='ltr'>ι</span> <span class='ocrx_word' id='word_1_293' title='bbox 1064 2518 1294 2561; x_wconf 85' lang='lat' dir='ltr'><strong>Multitudo</strong></span> <span class='ocrx_word' id='word_1_294' title='bbox 1316 2526 1462 2561; x_wconf 86' lang='lat' dir='ltr'><strong>autem</strong></span> 
     </span>
    </p>
   </div>
   <div class='ocr_carea' id='block_1_5' title="bbox 149 2606 1283 2651">
    <p class='ocr_par' dir='ltr' id='par_1_7' title="bbox 149 2606 1283 2651">
     <span class='ocr_line' id='line_1_34' title="bbox 149 2606 1283 2651; baseline 0.003 -12"><span class='ocrx_word' id='word_1_295' title='bbox 149 2606 278 2640; x_wconf 60' lang='lat' dir='ltr'><strong>&#39;&#39;Cant-</strong></span> <span class='ocrx_word' id='word_1_296' title='bbox 294 2617 327 2645; x_wconf 69' lang='lat' dir='ltr'><strong>V,</strong></span> <span class='ocrx_word' id='word_1_297' title='bbox 343 2619 377 2641; x_wconf 62' lang='grc' dir='ltr'><strong>ι.</strong></span> <span class='ocrx_word' id='word_1_298' title='bbox 394 2625 436 2633; x_wconf 86' lang='grc'><strong>--</strong></span> <span class='ocrx_word' id='word_1_299' title='bbox 453 2616 467 2632; x_wconf 84' lang='grc'><em>·</em></span> <span class='ocrx_word' id='word_1_300' title='bbox 486 2607 538 2641; x_wconf 82' lang='lat' dir='ltr'><strong>td.</strong></span> <span class='ocrx_word' id='word_1_301' title='bbox 554 2619 603 2648; x_wconf 76' lang='lat' dir='ltr'><strong>vu,</strong></span> <span class='ocrx_word' id='word_1_302' title='bbox 618 2609 653 2644; x_wconf 77' lang='lat'><strong>3.</strong></span> <span class='ocrx_word' id='word_1_303' title='bbox 670 2627 711 2634; x_wconf 90' lang='lat'><strong>—-</strong></span> <span class='ocrx_word' id='word_1_304' title='bbox 728 2610 742 2634; x_wconf 77' lang='lat'>⁸</span> <span class='ocrx_word' id='word_1_305' title='bbox 759 2609 856 2643; x_wconf 79' lang='lat' dir='ltr'><strong>Joan.</strong></span> <span class='ocrx_word' id='word_1_306' title='bbox 875 2620 957 2651; x_wconf 80' lang='lat' dir='ltr'><strong>xvu,</strong></span> <span class='ocrx_word' id='word_1_307' title='bbox 974 2620 1028 2642; x_wconf 65' lang='grc' dir='ltr'><strong>ιι.</strong></span> <span class='ocrx_word' id='word_1_308' title='bbox 1041 2628 1082 2636; x_wconf 82' lang='grc'><strong>-</strong></span> <span class='ocrx_word' id='word_1_309' title='bbox 1101 2614 1115 2638; x_wconf 73' lang='lat'><strong>⁴</strong></span> <span class='ocrx_word' id='word_1_310' title='bbox 1128 2609 1215 2642; x_wconf 80' lang='lat' dir='ltr'><strong>ibid.</strong></span> <span class='ocrx_word' id='word_1_311' title='bbox 1231 2609 1283 2642; x_wconf 78' lang='lat'><strong>23.</strong></span> 
     </span>
    </p>
   </div>
  </div>
 </body>
</html>
