1780 3120
295 265 381 330 358
839 283 871 311 ε.
909 249 1101 311 Auanosu
1149 271 1167 283 ⁸

291 362 384 407 aeris
405 362 566 406 solutor
587 361 728 410 alieni,
753 359 859 403 nihil
881 359 958 418 ipsi
975 360 1176 408 debebat,
1199 358 1272 417 qui
1291 364 1458 418 poterat
1477 357 1650 402 dioorox

306 451 323 474 α
347 433 459 477 Ecce
478 432 593 476 vonit
620 431 749 490 hujus
771 431 920 474 mundi
947 430 1169 489 princeps,
1199 438 1243 473 et
1263 430 1307 473 in
1330 445 1400 474 me
1421 444 1546 474 suum
1564 442 1654 472 non

294 505 481 549 »invenit
497 504 639 549 nihil¹.
662 523 677 545 υ
690 503 804 548 Nihil
820 503 1020 553 debebat,
1038 504 1114 545 sed
1133 502 1323 545 solvebat
1337 517 1416 560 pro
1431 501 1652 551 omnibus,

297 576 406 621 sicut
429 576 518 634 ipse
548 584 727 620 testatur
754 576 899 618 dicens
923 589 934 617 ε
960 592 976 614 α
997 574 1104 627 Qua:
1124 589 1211 616 non
1233 573 1384 632 rapui,
1412 581 1517 621 tunc
1538 573 1658 617 exol-

296 647 474 690 »vebam
484 645 516 689 ².
539 664 556 687 x>

353 716 556 761 XXXIV.
594 717 710 770 Quid
736 716 862 760 distat
886 715 1046 759 malitia
1073 714 1204 774 hujus
1230 713 1437 774 principis
1468 711 1658 758 mundi?

293 787 540 831 Foenerator
570 788 761 847 pecuniae
793 795 921 846 caput
955 786 1147 844 obligat,
1176 801 1352 829 manum
1379 792 1500 829 tenet
1535 783 1656 842 (75),

298 866 410 904 sorte
432 859 562 904 ducit.
584 859 623 902 Ο
639 874 796 903 nomen
817 859 936 902 triste
957 859 1010 901 de
1032 858 1169 901 dulci!
1195 857 1402 900 Dominus
1423 870 1547 900 ovem
1564 869 1665 898 oen-

298 927 489 973 tesimam
511 929 705 974 liberavit
727 944 737 972 :
757 929 827 972 illa
849 929 1081 972 centesima
1103 928 1265 978 salutis,
1284 929 1375 972 haec
1397 926 1546 970 mortis
1567 933 1632 969 est
1645 942 1658 976 ;

296 1007 339 1042 et
355 1007 465 1042 terra
479 1000 591 1045 bona
613 1003 861 1060 centuplum
872 1000 1058 1044 fructum
1072 999 1225 1043 reddit.
1253 999 1325 1044 Vae
1345 998 1395 1041 iis
1417 997 1490 1056 qui
1512 996 1663 1040 dicunt

296 1071 412 1127 quod
426 1086 618 1114 amarum
633 1079 696 1114 est
715 1104 726 1121 ,
747 1073 895 1121 dulce;
921 1079 964 1114 et
986 1071 1101 1128 quod
1126 1071 1250 1113 dulce
1265 1103 1276 1120 ,
1300 1069 1519 1112 amarum!
1545 1067 1663 1121 Quid

302 1141 483 1183 amarius
504 1157 631 1184 usura
645 1175 656 1192 ,
680 1141 784 1199 quid
803 1141 969 1184 dulcius
989 1140 1154 1199 gratia?
1178 1140 1328 1184 Nonne
1348 1140 1432 1183 hoo
1454 1139 1546 1199 ipso
1573 1153 1667 1182 ser-

300 1226 427 1254 mone
457 1226 541 1269 quo
573 1213 848 1255 centesimam
875 1214 1113 1271 appellant,
1145 1226 1346 1254 revocare
1379 1208 1588 1254 deberent
1620 1208 1665 1251 in

301 1283 550 1326 memoriam
570 1284 915 1343 Redemptorem,
934 1284 1006 1341 qui
1022 1283 1136 1326 venit
1159 1282 1435 1326 centesimam
1451 1295 1574 1324 ovem
1587 1279 1667 1324 sal-

303 1367 401 1395 vare
414 1385 426 1402 ,
450 1368 537 1396 non
556 1354 769 1412 perdere?

360 1423 542 1468 XXXV.
579 1424 687 1478 Quis
709 1424 876 1483 gravior
890 1432 1063 1467 exactor
1079 1423 1171 1466 est?
1189 1423 1244 1466 Et
1258 1423 1340 1466 hoc
1357 1422 1476 1466 triste
1489 1435 1660 1464 nomen.

311 1493 504 1551 Denique
538 1493 746 1537 Dominus
775 1495 861 1537 ait:
886 1495 1104 1553 «Populus
1130 1508 1270 1543 meus,
1297 1500 1514 1536 exactores
1541 1490 1669 1534 vestri

305 1582 321 1604 ι)
335 1564 692 1608 circumscribunt
708 1564 819 1609 vos⁸.
842 1583 858 1606 »
870 1566 924 1608 Et
941 1566 984 1608 in
998 1564 1227 1622 Evangelio
1249 1563 1380 1606 habes
1401 1577 1411 1605 τ
1427 1579 1445 1602 ι
1464 1561 1579 1608 Dum
1592 1575 1668 1606 va·

304 1653 321 1675 »
335 1635 398 1678 dis
413 1651 513 1679 cum
539 1636 776 1680 adversario
797 1645 872 1680 tuo
896 1637 946 1679 ad
963 1636 1273 1694 magistratum,
1298 1636 1352 1677 da
1367 1646 1542 1693 operam
1558 1632 1669 1676 libe-

308 1706 420 1748 »rari
452 1706 591 1750 abillo
613 1724 624 1756 ;
651 1723 706 1751 ne
725 1707 834 1751 sorte
859 1710 1067 1766 perducat
1095 1715 1136 1749 te
1157 1708 1210 1749 ad
1230 1706 1418 1764 judicem
1439 1738 1450 1755 ‚
1479 1713 1522 1748 et
1538 1704 1669 1763 judex

309 1779 477 1820 »tradat
499 1786 541 1820 te
560 1779 769 1828 exactori,
798 1787 841 1822 et
860 1787 1032 1822 exactor
1055 1778 1197 1821 mittat
1218 1786 1262 1820 te
1290 1778 1334 1819 in
1359 1775 1618 1821 carcerem&
1639 1793 1656 1816 u

309 1846 415 1898 Quis
438 1847 514 1890 iste
534 1848 586 1890 sit
602 1857 772 1892 exactor
789 1865 992 1908 agnosce,
1019 1849 1092 1906 qui
1118 1849 1246 1892 etiam
1267 1847 1544 1891 novissimum
1569 1860 1669 1903 qua-

311 1917 501 1960 drantem
522 1919 665 1976 exigit,
690 1929 732 1962 et
754 1919 864 1963 idem
883 1936 927 1962 se
949 1920 1205 1963 creditorem
1226 1927 1366 1967 vocat,
1385 1925 1512 1976 atque
1529 1917 1572 1959 in
1587 1916 1672 1959 hoc

309 1988 435 2030 etiam
458 1990 632 2033 nomine
651 1990 841 2034 fraudem
872 1992 973 2034 facit
992 2006 1002 2034 :
1024 1999 1072 2034 ut
1101 1992 1173 2049 qui
1194 1990 1345 2034 veneni
1366 1978 1522 2049 poc'nla
1547 1989 1673 2032 melle

310 2058 461 2108 illinit,
484 2068 532 2102 ut
555 2061 632 2103 sub
660 2070 778 2120 grato
802 2063 932 2105 odoro
954 2078 1068 2104 mors
1083 2063 1237 2112 lateat,
1262 2069 1387 2120 atque
1409 2060 1510 2104 illita
1531 2059 1672 2103 calicis

312 2144 383 2171 ora
406 2130 491 2172 vim
507 2130 664 2175 fraudis
683 2133 958 2176 abscondant.
979 2133 1176 2176 Creditor
1191 2133 1434 2192 praetexitur
1445 2130 1563 2190 quasi
1573 2129 1674 2174 fide-

309 2199 358 2242 lis
370 2216 382 2249 3
406 2207 448 2242 et
468 2201 586 2258 quasi
607 2202 853 2247 incredulus
869 2237 879 2254 ,
898 2206 960 2257 ad&
974 2219 1102 2262 quem
1124 2203 1261 2248 fidelis
1282 2204 1548 2263 oppignorat.

359 2299 369 2315 ⁸
398 2292 495 2378 ngan.
519 2304 590 2335 xiv,
614 2294 665 2328 50.
681 2314 722 2320 —
741 2306 754 2321 ⁸
780 2296 863 2330 Psal.
893 2307 992 2329 nxvnu
1009 2321 1018 2335 ,
1045 2297 1078 2329 5.
1097 2314 1139 2322 -
1166 2298 1181 2322 ³
1211 2296 1290 2330 Isa‘i.
1312 2307 1376 2336 ιιι,
1413 2294 1462 2334 14·
1482 2313 1524 2320 ····
1546 2294 1561 2322 ⁴
1585 2293 1665 2339 12⁰⁰·

311 2355 381 2384 ιιι,
405 2346 423 2378 5
448 2370 459 2380 .
