1780 3120
402 262 457 291 nn
488 261 599 292 nono
628 261 792 291 nonis.
830 262 952 291 man
983 263 1101 292 unus.
1382 251 1441 295 85

74 340 329 400 quibusdam
354 339 463 386 sicut
482 339 711 399 impiorum
739 339 891 383 animae
921 340 1141 383 erroribus
1163 350 1207 385 et
1225 343 1447 402 perturba·

0 440 1 474 ]
73 410 260 455 tionibus
289 409 586 470 implicentur,
624 418 752 469 atque
791 410 992 454 vitiorum
1027 426 1205 454 suorum
1240 412 1451 456 memoria

74 489 377 540 torqueantur3
401 490 445 524 et
471 480 741 540 exagitentur
761 481 1016 539 quibusdam
1040 496 1239 525 curarum
1255 484 1443 527 aestibus.

75 551 243 602 Tertio,
259 553 376 610 quod
406 560 579 596 servatae
606 567 628 595 a
653 567 698 595 se
712 551 816 611 legis
836 551 979 595 divino
1002 552 1244 596 testimonio
1266 553 1450 597 fulcian-

75 631 174 674 tur,
195 631 245 666 ut
269 622 481 666 factorum
511 630 685 667 suorum
705 622 920 666 incertum
953 638 1152 682 supremo
1177 623 1340 682 judicio
1362 639 1449 668 non

76 702 303 738 vereantur
311 702 511 752 eventum
530 695 643 753 (15.)
666 693 832 747 Quarto
844 727 857 745 ,
876 693 974 752 quia
991 694 1200 753 incipiunt
1214 694 1453 755 intelligere

77 764 270 824 requiem
297 780 417 808 suam
429 798 445 819 ι
469 774 513 808 et
532 765 721 827 ljuturam
742 765 807 808 sui
839 765 1018 824 gloriam
1036 765 1272 824 praevidere
1284 799 1296 816 ,
1314 781 1450 824 caque

82 851 127 879 se
142 835 431 879 consolatione
452 836 711 886 mulcentes,
734 835 777 879 in
799 836 1053 880 habitaculis
1069 837 1156 879 suis
1172 852 1272 880 cum
1295 853 1457 896 magna

80 905 382 964 tranquillitate
417 906 686 964 requiescent
728 907 890 965 stipatae
925 907 1131 966 praesidiis
1167 907 1445 967 Angelorum.

82 976 270 1030 Quintus
292 984 435 1020 autem
458 979 565 1020 ordo
604 976 875 1020 exultationis
897 977 1125 1020 uberrimae
1155 977 1287 1021 habet
1314 978 1456 1022 suavi-

78 1055 210 1091 tatem
224 1080 237 1098 ,
253 1048 370 1106 quod
379 1062 432 1090 ex
448 1047 528 1091 hoc
549 1047 838 1106 corruptibilis
856 1047 1051 1106 corporis
1073 1062 1245 1091 carcere
1262 1048 1304 1090 in
1313 1050 1461 1091 lucem-

80 1116 411 1176 libertatemque
430 1117 724 1176 pervenerint,
744 1125 787 1160 ct
803 1117 1105 1176 repromissam
1123 1117 1202 1160 sibi
1216 1118 1460 1176 possideant

80 1187 390 1231 haereditatem.
418 1187 493 1231 Est
512 1188 629 1231 enim
651 1189 758 1231 ordo
778 1188 933 1246 quietis
945 1205 958 1238 3
981 1188 1079 1246 quia
1096 1197 1161 1231 est
1179 1196 1223 1231 et
1249 1203 1461 1232 resurrec-

11 1277 12 1280 ¹
86 1256 214 1300 tionis
231 1271 243 1300 ε
260 1273 277 1296 ι
297 1256 419 1300 Sicut
447 1257 561 1300 enim
596 1257 640 1300 in
659 1257 797 1302 Adam
818 1273 965 1301 omnes
987 1258 1256 1308 moriuntur,
1280 1259 1338 1301 ita
1356 1267 1400 1301 et
1414 1258 1459 1301 iu

83 1347 102 1370 ι
115 1327 285 1373 Christo
300 1361 314 1378 ,
336 1328 500 1387 inquit,
522 1343 672 1372 omnes
695 1327 1038 1373 vivificabuntur.
1065 1330 1365 1388 Unusquisque
1387 1345 1461 1372 au-

83 1407 202 1443 »tem
230 1399 273 1443 in
297 1400 449 1453 ordine
478 1415 556 1444 suo
577 1417 588 1442 z
610 1400 807 1459 primitiae
836 1400 1055 1450 Christus3
1088 1401 1243 1444 deinde
1264 1399 1338 1459 qui
1358 1410 1460 1445 sunt

88 1488 106 1510 ι
121 1469 297 1520 Christi,
314 1470 442 1528 quiin
452 1472 682 1514 adventum
698 1470 792 1529 ejus
802 1471 1095 1522 crediderunt,
1112 1471 1267 1514 deinde
1281 1471 1416 1516 finis'.
1433 1490 1452 1512 ι

86 1540 182 1584 Erit
199 1540 328 1600 igitur
341 1542 448 1585 ordo
460 1541 651 1585 diversus
661 1541 864 1585 claritatis
880 1549 922 1584 et
936 1541 1080 1600 gloriae
1093 1574 1106 1592 ‚
1127 1542 1239 1586 sicut
1256 1543 1338 1586 erit
1353 1544 1472 1586 ordo-

87 1610 355 1655 meritorum.
378 1612 611 1656 Processus
631 1627 803 1671 quoque
832 1612 1032 1656 ordinum
1060 1627 1308 1671 processum
1328 1614 1477 1673 expri--

86 1682 174 1726 mit
189 1682 392 1726 claritatis
403 1681 434 1727 ³.
473 1683 668 1742 Denique
688 1691 807 1726 sexto
834 1682 984 1726 ordine
1006 1684 1369 1727 demonstrabitur
1385 1684 1472 1736 iis,

89 1752 207 1811 quod
222 1753 362 1796 vultus
373 1767 523 1796 earnm
541 1753 654 1797 sicut
670 1754 734 1796 sol
749 1753 922 1813 incipiat
932 1752 1164 1812 refulgere,
1182 1762 1226 1797 et
1243 1755 1465 1799 stellarum

89 1822 328 1866 luminibus
347 1823 585 1882 comparari
596 1840 610 1875 3
633 1823 707 1883 qni
742 1832 884 1868 tamen
905 1823 1044 1883 fulgor
1068 1839 1217 1867 earnm
1238 1833 1466 1885 corrupte-

89 1892 176 1936 lam
184 1892 271 1951 jam
291 1894 448 1938 sentire
465 1910 553 1938 non
569 1895 715 1954 possit.
743 1894 959 1953 Septimus
975 1910 1076 1938 vero
1092 1895 1199 1938 ordo
1226 1896 1261 1938 is
1283 1896 1388 1946 erit,
1415 1904 1466 1940 ut

92 1963 283 2007 exultent
314 1978 414 2006 cum
437 1963 594 2007 fiducia
610 1997 623 2015 ‚
647 1972 691 2007 et
711 1964 801 2007 sine
816 1966 903 2008 ulla
926 1965 1201 2008 cunctatione
1222 1964 1469 2016 confidant,

94 2041 141 2077 et
155 2034 246 2077 sine
276 2035 559 2093 trepidatione
574 2036 771 2078 laetentur
783 2067 797 2085 ,
833 2035 1079 2079 festinantes
1099 2037 1266 2079 vultum
1286 2036 1380 2095 ejus
1405 2036 1470 2079 vi-

94 2105 219 2155 dere,
241 2104 312 2148 cui
336 2106 493 2149 sedulae
514 2106 726 2150 servitutis
746 2105 950 2164 obsequia
978 2107 1226 2150 detulerunt
1252 2122 1263 2149 :
1304 2108 1359 2150 de
1382 2121 1469 2164 quo

99 2172 281 2218 innoxiae
314 2176 586 2220 conscientiae
621 2175 919 2220 recordatione
952 2186 1211 2237 praesumant
1241 2177 1473 2236 gloriosam

94 2245 339 2288 mercedem
350 2246 506 2290 laboris
523 2246 685 2306 exigui,
705 2262 833 2306 qnam
856 2248 1109 2307 incipientes
1134 2247 1327 2305 recipere
1339 2279 1352 2297 ,
1372 2261 1471 2305 cog-

96 2323 308 2359 noverunt
329 2315 521 2376 indignas
544 2333 637 2361 esse
671 2317 802 2377 hujus
830 2319 1033 2377 temporis
1060 2318 1298 2378 passiones,
1316 2318 1477 2376 quibus

98 2385 456 2429 remunerationis
476 2395 645 2431 aeternae
660 2388 791 2446 gloria
812 2396 928 2432 tanta
946 2389 1142 2432 refertur.
1167 2389 1246 2432 Hic
1257 2389 1390 2438 ordo,
1412 2387 1475 2430 in·

99 2454 214 2512 quit,
239 2454 503 2508 animarum,
521 2473 615 2515 quae
636 2466 736 2502 sunt
758 2458 1001 2516 justorum,
1024 2475 1130 2518 quas
1155 2459 1283 2502 etiam
1304 2459 1477 2501 immor·

96 2525 203 2568 tales
222 2540 310 2569 non
329 2526 537 2572 dubitavit
556 2528 733 2572 dicere
720 2544 764 2572 m
795 2529 946 2588 quinto
977 2530 1155 2581 ordine,
1173 2544 1226 2573 eo
1243 2530 1359 2588 quod
1378 2542 1483 2588 spa-

149 2618 296 2654 them·
311 2629 366 2662 xv,
386 2630 437 2658 aa,
451 2626 591 2666 etseqq.
606 2638 649 2646 —
666 2619 827 2661 ’ksssdn
843 2631 907 2656 vn.
