1780 3120
357 264 412 294 ns
444 260 835 293 iurannmrion
863 260 1006 292 nmo.
1044 263 1123 292 ua.
1162 263 1216 292 iv.
1351 271 1356 276 ·
1382 249 1464 301 481

113 342 277 387 videret
290 350 534 403 peccatores
547 341 591 385 in
609 341 693 385 hoc
708 342 870 385 mundo
884 341 1056 384 affluere
1072 341 1242 392 divitiis,
1254 341 1474 386 abundare

116 413 244 457 rebus
274 412 498 456 secundis:
521 426 572 455 se
594 420 760 462 autem,
792 411 865 470 qui
892 410 1187 469 justificaverit
1215 427 1292 456 cor
1322 427 1445 456 suum
1461 446 1472 462 .

112 499 208 533 esse
229 482 272 526 in
290 482 629 527 afflictationibus
638 494 682 525 et
701 481 923 525 aerumuis:
940 497 1018 526 nec
1033 483 1292 527 mediocrem
1305 484 1479 528 traxisse

120 553 324 597 offensam
350 553 394 596 iu
415 553 615 603 exordi03
641 553 717 596 sed
738 561 884 612 postea
906 566 986 612 per
1005 553 1174 597 Domini
1196 553 1360 613 flagella
1382 570 1479 598 cor·

122 632 305 674 rectum,
327 631 371 667 et
390 623 672 667 illuminatum
695 623 846 667 divinae
865 624 1118 684 cognitionis
1136 625 1269 684 gratia
1289 641 1397 669 verae
1418 626 1485 669 ‹li-

123 695 276 740 «titisse
294 695 446 739 seriem
460 694 709 739 traditionis.

186 767 236 810 11.
273 766 491 824 Nusquam
517 774 660 809 autem
690 766 858 811 invenio
887 775 1084 812 sanctum
1111 769 1253 827 Asaph
1278 768 1488 827 aliquibus

128 837 313 881 adversis
336 837 464 880 fuisse
497 846 692 880 vexatum
716 845 799 881 :at
822 852 923 881 vero
947 847 1117 882 sanctus
1146 839 1282 882 David
1314 839 1493 898 plurima

139 908 279 967 gravia
310 915 354 950 et
379 907 666 967 periculorum
701 909 826 966 plena
854 909 1074 958 toleravit;
1102 910 1155 953 do
1184 909 1271 952 suis
1297 910 1410 953 enim
1435 911 1502 954 la-

140 980 317 1023 boribus
337 979 453 1022 dicit.
488 979 620 1022 Unde
637 978 681 1022 et
699 978 891 1022 Psalmus
909 995 996 1023 non
1021 980 1141 1038 quasi
1165 980 1301 1023 sancti
1327 981 1471 1040 Asaph
1488 1014 1500 1031 ,

140 1051 217 1094 sed
235 1049 355 1108 qnasi
379 1057 527 1092 sancto
547 1049 691 1107 Asapb
703 1083 715 1100 ,
737 1058 788 1093 ut
806 1051 933 1093 docet
947 1050 1096 1093 titulus
1111 1085 1122 1100 ,
1150 1051 1501 1110 superscribitur,

139 1122 255 1178 quod
279 1136 331 1163 ex
347 1135 484 1178 graeco
503 1120 705 1163 Psalterio
720 1120 907 1179 apertius
922 1121 1232 1170 manifestatur,
1248 1129 1298 1164 ut
1314 1121 1509 1164 videatur

140 1190 276 1234 David
292 1182 420 1232 etiam
447 1189 548 1232 huic
568 1189 711 1248 Asaph
735 1190 847 1233 sicut
866 1199 911 1234 et
935 1191 1026 1234 aliis
1043 1223 1056 1240 ,
1088 1192 1351 1240 canendum,
1378 1206 1507 1250 quem

139 1260 365 1318 scripserat.
386 1259 477 1318 ipse
494 1259 710 1302 Psalmum
731 1255 911 1321 dedisse.
938 1261 1025 1304 Sed
1041 1261 1138 1319 quia
1159 1261 1366 1321 scriptum
1381 1269 1446 1305 est
1467 1262 1511 1304 iu

141 1330 232 1391 ipso
253 1331 396 1381 titulo,
408 1329 613 1373 defecisse
629 1330 819 1374 Psalmos
833 1330 985 1380 David,
1003 1330 1220 1389 quomodo
1240 1340 1383 1375 autem
1399 1332 1510 1374 defe-

141 1409 295 1445 cerunt
307 1433 321 1451 ‚
339 1416 439 1444 cum
460 1399 651 1444 decursis
671 1400 738 1444 his
754 1402 904 1444 decem
930 1401 1130 1451 Psalmis,
1153 1408 1298 1459 postea
1318 1401 1509 1444 Psalmus

142 1471 279 1516 David
287 1472 510 1525 titulorum
522 1466 842 1530 inscriptionem
860 1471 1196 1530 comprehendat
1206 1471 1392 1530 usquein
1408 1472 1511 1514 ulti-

95 1590 101 1597 ,
142 1557 262 1586 mum
277 1541 407 1585 finem
437 1543 528 1601 (91)
544 1541 565 1584 Ρ
580 1541 682 1585 ldeo
701 1549 962 1600 sequestrata
978 1541 1223 1599 hujusmodi
1245 1541 1508 1591 definitione,

144 1627 239 1672 quae
259 1614 314 1657 sit
337 1613 492 1657 Psalmi
516 1613 645 1656 series
668 1613 1014 1663 consideremus,
1032 1621 1075 1656 et
1100 1628 1122 1655 a
1143 1613 1283 1672 primo
1303 1612 1512 1656 versiculo

146 1683 496 1743 interpellationis
510 1682 771 1743 propheticae
787 1684 994 1729 ducamus
1014 1685 1252 1727 exordium.

306 2700 367 2728 ιτ.
886 2696 895 2702 ·
1316 2677 1370 2724 ³1
