1780 3120
458 214 513 243 nn
544 214 654 243 nono
683 213 847 242 uon-rxs.
884 214 1008 243 mnan
1038 214 1155 243 uuus.
1433 200 1493 258 69

122 294 194 337 {os
219 291 501 344 meretricios,
533 292 689 350 quibus
718 299 884 335 castum
914 291 1016 349 justi
1038 300 1172 335 tentet
1194 291 1418 341 affectum,
1445 301 1496 336 ut

130 362 359 422 improviso
375 362 530 406 amoris
539 363 715 423 ‘spiculo
736 361 861 405 feriat
880 362 1168 422 imparatum?
1188 363 1366 416 Quoties
1388 363 1495 405 inse-

130 432 188 476 rit
220 432 361 475 animo
393 440 469 475 tuo
498 433 680 476 verbum
707 432 930 491 iniquum,
960 441 1005 476 et
1044 433 1322 491 cogitationes
1353 432 1495 476 cordis

119 503 427 547 absconditas?
442 503 505 547 De
526 518 612 561 quo
623 503 711 546 ‘tihi
730 502 835 546 dicit
853 504 922 546 lex
940 518 951 546 ε
975 521 994 543 ι
1011 502 1198 546 Attende
1217 504 1319 552 tibi,
1343 519 1397 546 ne
1422 502 1498 546 fiat

126 573 338 616 ‚verbum
369 574 666 617 absconditum
696 573 740 616 in
769 573 900 617 corde
921 580 997 616 tuo
1020 572 1260 631 iniquum‘,
1277 591 1295 613 ι
1318 582 1360 616 et
1386 573 1500 616 dicat

132 643 210 686 tibi
229 643 437 686 Dominus
457 659 469 686 ε
496 662 515 684 ι
531 645 648 700 Quid
668 644 828 702 cogitas
847 645 959 688 mala
993 645 1036 686 in
1069 645 1199 687 corde
1228 643 1331 687 tuo?
1347 664 1362 683 ι
1384 643 1498 686 Neve

122 729 231 758 cnm
267 714 545 758 abundaveris
579 730 681 758 auro
716 723 761 758 et
798 723 998 774 argento,
1036 722 1081 757 et
1109 714 1263 772 opimis
1300 729 1501 772 agrorum

129 784 365 834 fructibus,
395 786 463 828 vel
484 785 721 828 honoribus
750 786 897 829 dicas:
923 804 940 826 ι
962 785 1100 830 Virtus
1129 801 1224 828 mea
1252 785 1371 828 dedit
1394 785 1500 827 mihi

133 855 256 898 nhaec
268 854 309 905 ’ς
326 875 343 895 ι
361 864 406 899 et
425 855 687 899 obliviscaris
706 856 939 899 Dominum
957 856 1097 899 Deum
1112 864 1255 900 tuum.

132 954 137 958 -
189 924 348 968 XXIV.
374 925 450 968 His
475 940 576 983 ergo
599 926 739 968 anima
760 941 855 983 quae
877 925 996 984 cupit
1028 927 1221 976 evolare,
1253 926 1495 984 deponitur.

123 994 218 1038 Sed
235 1003 285 1038 tn
304 995 525 1039 obluctare
545 996 665 1054 quasi
686 996 826 1039 bonus
846 996 968 1039 miles
990 996 1149 1039 Christi
1172 996 1300 1045 Jesu,
1324 1005 1368 1039 et
1389 997 1500 1039 infe-

129 1065 242 1108 n'ora
257 1066 509 1124 despiciens,
528 1075 696 1110 terrena
714 1066 982 1115 obliviscens,
1005 1068 1059 1109 ad
1075 1066 1261 1109 coelestia
1284 1074 1328 1108 et
1341 1074 1500 1108 aeterna

125 1138 356 1180 contende.
380 1137 540 1180 Auoue
560 1137 743 1179 animam
764 1144 883 1179 tuam
898 1169 911 1186 ,
933 1152 990 1180 ne
1009 1151 1105 1179 eam
1135 1136 1283 1179 illiciat
1310 1151 1407 1179 esca
1434 1138 1501 1178 la—

120 1221 354 1264 queomm.
374 1206 621 1264 Voluptates
640 1207 785 1250 saeculi
798 1240 813 1258 ,
839 1222 949 1250 escae
967 1209 1162 1264 quaedam
1178 1215 1302 1256 sunt,
1322 1215 1366 1249 et
1385 1207 1502 1263 quod

128 1275 254 1335 pejus
274 1283 362 1325 est,
378 1291 484 1318 escae
500 1277 733 1327 malorum,
760 1292 869 1320 escae
890 1277 1188 1320 tentationum.
1214 1276 1327 1319 Dum
1354 1276 1502 1334 volup-

124 1354 261 1389 {atem
282 1346 433 1403 quaeris
447 1378 461 1395 ‚
482 1347 655 1404 laqueos
677 1347 874 1389 incurris.
901 1347 1066 1390 Oculus
1095 1346 1210 1389 enim
1240 1346 1499 1395 meretricis,

125 1417 307 1474 laqueus
326 1417 526 1459 amatoris
545 1425 623 1460 est.
652 1416 816 1460 Oculus
836 1431 938 1475 ergo
957 1417 1194 1460 meretricis
1222 1426 1287 1459 est
1301 1418 1494 1473 laqueus.

131 1485 328 1544 Laqueus
368 1495 433 1529 est
469 1486 599 1529 etiam
635 1501 777 1530 sermo
806 1487 1070 1536 meretricis,
1108 1486 1182 1543 qui
1209 1486 1416 1528 obdulcat
1445 1487 1500 1529 ad

131 1564 301 1614 tempus
331 1556 475 1599 fauces
502 1565 619 1605 tuas,
649 1564 693 1599 et
714 1564 859 1614 postea
881 1564 1102 1615 exasperat
1124 1571 1194 1599 eas
1217 1555 1500 1598 amaritudine

126 1625 402 1669 conscientia}
423 1626 684 1684 peccatricis.
705 1625 902 1683 Laqueus
917 1633 979 1668 est
998 1625 1131 1668 aliena
1147 1625 1355 1684 possessio
1373 1626 1499 1683 plena

132 1695 398 1738 amoenitatis.
425 1695 564 1738 Omne
589 1696 670 1738 iter
692 1696 809 1738 istius
838 1695 933 1739 vitae
950 1697 1127 1754 plenum
1142 1698 1394 1753 laqueorum
1416 1703 1495 1738 est.

133 1758 256 1809 Unde
270 1764 406 1822 justus
422 1765 550 1808 dicit:
565 1784 582 1806 ι
600 1766 649 1808 In
668 1766 735 1809 via
753 1766 833 1809 hac
848 1782 931 1823 qua
954 1766 1241 1815 ambulabam,
1268 1766 1502 1809 absconde-

132 1844 264 1878 »runt
287 1836 460 1893 laqueos
475 1834 620 1879 mihi³.
644 1835 691 1878 In
709 1835 797 1885 via,
822 1835 982 1892 inquit,
1006 1835 1087 1878 hac
1110 1836 1452 1885 absconderunt;
1470 1854 1487 1875 ι

130 1905 229 1948 ideo
249 1914 297 1948 tu
325 1906 439 1949 illam
466 1907 577 1948 viam
602 1906 773 1948 ambula
797 1921 890 1963 quae
912 1904 1043 1948 dicit:
1068 1905 1190 1963 «Ego
1217 1920 1312 1948 sum
1338 1906 1428 1954 via,
1453 1913 1497 1947 et

126 1974 339 2026 ueritas,
367 1984 411 2018 et
435 1975 569 2026 vita‘;
594 1995 611 2015 ι
629 1984 676 2018 ut
699 1976 813 2018 dicas
836 1990 847 2017 ε
874 1994 891 2014 ι
908 1974 1107 2017 Animam
1139 1990 1278 2017 meam
1315 1990 1498 2018 conver-

127 2063 151 2086 »
165 2046 242 2096 tit,
279 2046 452 2089 deduxit
479 2061 549 2089 me
581 2061 708 2104 super
740 2046 909 2088 semitas
930 2044 1103 2102 justitia)
1135 2053 1311 2103 propter
1335 2060 1495 2088 nomen

126 2133 152 2156 ο
164 2115 330 2159 suum‘.
352 2134 369 2156 ι

192 2184 329 2229 XXV.
356 2185 559 2229 Moriatur
573 2186 701 2244 igitur
714 2186 837 2229 nobis
851 2185 935 2229 hoc
950 2187 1155 2229 saeeulum
1166 2186 1408 2245 ,vmoriatur
1423 2202 1497 2229 no-

128 2255 201 2299 bis
221 2256 359 2299 carnis
373 2256 491 2299 istius
510 2257 712 2316 sapientia
724 2290 736 2307 ,
758 2272 853 2315 quae
875 2257 1047 2299 inimica
1062 2264 1128 2299 est
1146 2256 1252 2299 Deo.
1279 2245 1472 2313 suhj'icia
1486 2282 1498 2289 ·

133 2339 230 2369 mus
250 2326 433 2369 animam
452 2335 641 2370 nostram
660 2327 737 2370 soli
754 2327 924 2370 Christo
938 2360 951 2377 ,
972 2335 1022 2370 ut
1044 2326 1158 2369 dicat
1173 2326 1496 2384 unusquisque:

138 2412 165 2434 ε
179 2395 329 2440 Nonne
347 2397 438 2440 Deo
453 2397 646 2456 subjecta
665 2407 730 2441 est
744 2398 884 2442 anima
901 2396 1019 2440 mea‘
1033 2398 1052 2440 i·
1068 2416 1085 2438 ι
1106 2397 1202 2441 Non
1217 2398 1376 2439 saeculo
1400 2397 1499 2439 sub·

181 2506 192 2521 ·
212 2497 310 2530 Deut.
323 2508 377 2537 n,
394 2510 427 2542 9.
445 2516 487 2524 —-
502 2509 516 2524 ¹
537 2499 592 2532 ld.
605 2509 681 2531 vm.
703 2510 753 2544 ¹7·
772 2518 813 2525 —
830 2502 844 2525 ³
862 2500 944 2534 Psat
960 2499 1099 2542 1:¹1⁴,AE-
1121 2517 1162 2524 -
1179 2501 1194 2528 ⁴
1210 2498 1308 2533 Joan.
1322 2509 1394 2539 nv,
1407 2498 1441 2531 6.
1459 2515 1501 2523 -

132 2553 155 2577 5
169 2551 253 2586 l’sal.
271 2562 357 2594 xxn,
374 2553 407 2586 5.
420 2571 462 2578 —
477 2555 494 2578 ⁶
508 2554 560 2588 ld.
577 2565 645 2596 ut,
663 2565 695 2588 ².
