1780 3120
352 242 407 272 nn
437 241 566 273 ηοω
597 243 652 274 n
684 243 786 274 vrrs
817 243 974 274 uan-
1012 244 1091 275 ur.
1128 245 1174 276 η.
1276 255 1278 257 -
1365 235 1447 295 ¹93

0 374 6 377 ¹
84 322 275 369 concreti
306 321 467 382 pariter
484 323 660 381 pulvere
686 331 732 367 et
767 323 974 383 sanguine
1005 324 1278 377 viderentur,
1304 329 1450 386 quales

84 394 224 438 solent
243 388 586 437 debellandis-0
610 393 816 446 victores,
844 395 990 452 quales
1018 395 1154 439 solent
1182 389 1368 456 tropboea
1386 401 1452 443 'cx

86 462 528 523 hostibusseportare.
548 464 644 509 Non
659 464 980 525 superjacienda
994 465 1201 509 velamina
1219 500 1230 518 ,
1254 483 1340 512 nou
1357 484 1454 529 pro·

87 535 325 593 sequendas
339 535 563 594 exequias,
583 536 664 579 nisi
678 533 957 595 suae'quo'que
980 536 1187 582 comitatu
1208 539 1357 583 mortis
1384 555 1454 583 ara

87 606 242 649 bitrata
270 613 348 650 cst.
390 605 498 659 Quae
525 606 688 650 cithara
721 606 932 651 dulciores
962 607 1109 650 ederet
1129 615 1301 658 cantus,
1324 625 1455 668 quam

88 675 320 720 morientes
340 675 414 720 filii
430 676 474 719 in
495 684 581 721 tam
596 677 796 736 gravibus
811 676 1031 736 suppliciis
1040 677 1458 722 ediderunt?Erum·

31 787 38 792 .
88 747 217 807 pebat
235 746 349 790 enim
371 755 532 790 naturae
558 747 760 807 gemitus,
794 747 920 790 etiam
943 746 1100 791 invitis.
1136 747 1359 807 Spectares
1382 766 1459 809 per

0 820 10 846 5²
90 817 283 862 ordinem
298 826 619 878 peremptorum
638 819 843 861 cadavera
864 818 976 862 sicut
996 816 1066 860 fila
1087 817 1346 863 chordarum
1362 854 1375 871 ,
1388 836 1461 863 au‹

4 940 7 950 -.
90 888 200 932 dires
225 888 534 948 heptacordum
568 888 817 948 psalterium
853 888 1182 948 triumphalibus
1227 891 1457 949 gemitibus

93 961 309 1004 resultare.
334 959 430 1017 Non
450 959 511 1003 sic
532 959 772 1003 illecebrosi
798 959 881 1009 illi,
908 968 956 1009 ut
983 959 1129 1010 aiunt,
1160 969 1311 1004 cantus
1332 962 1463 1020 Syre-

0 1029 2 1037 ’
93 1045 246 1074 narum
277 1031 534 1074 attraherent
559 1030 804 1074 audientem
828 1044 840 1072 ε
870 1030 930 1074 illi
955 1030 1071 1073 enim
1106 1030 1159 1073 ad
1192 1031 1462 1090 naufragium

0 1117 5 1134 k
23 1142 26 1143 γ
95 1099 346 1152 trahebant,
363 1101 432 1145 isti
452 1103 506 1145 ad
526 1100 726 1145 sacrificii
743 1100 980 1144 victoriam.
1006 1099 1094 1144 Nec
1115 1100 1177 1144 sic
1195 1116 1358 1161 cygnea
1376 1118 1466 1146 car·

97 1174 212 1217 mina
244 1189 366 1218 aures
388 1173 662 1232 animumque
680 1173 921 1216 mulcerent
953 1187 965 1215 :
1000 1172 1126 1231 cygni
1152 1173 1266 1216 enim
1304 1183 1467 1219 naturae
1539 1200 1545 1205 x

23 1251 26 1253 ’
97 1252 212 1288 sorte
229 1238 498 1295 moriuntur,
522 1244 592 1287 isti
611 1243 906 1287 moriebantur
924 1258 1068 1286 amore
1082 1243 1265 1302 pietatis.
1294 1244 1387 1288 Non
1410 1246 1470 1290 sic

97 1316 226 1358 rauca
244 1323 442 1358 resonant
462 1322 627 1358 secreto
647 1314 691 1357 in
707 1328 884 1357 nemore
904 1314 1204 1357 columbarum
1222 1330 1468 1370 murmura,

34 1396 38 1398 ·
98 1393 146 1427 ut
170 1385 319 1428 ultima
346 1385 476 1428 verba
504 1384 778 1428 morientium
800 1400 900 1427 cum
931 1400 1096 1428 summa
1126 1386 1331 1430 suavitate
1352 1403 1471 1432 reso-

36 1496 44 1507 ,
99 1455 273 1517 nabant.
299 1455 389 1500 Nec
411 1455 472 1498 sic
492 1456 595 1516 luna
611 1455 722 1499 inter
741 1456 883 1499 stellas
910 1455 1117 1514 refulget,
1150 1464 1199 1499 ut
1222 1456 1333 1501 inter
1358 1457 1468 1502 filios

101 1533 261 1575 mater,
278 1534 323 1569 et
341 1540 442 1569 cum
461 1540 534 1573 eos
554 1526 609 1568 ad
627 1524 880 1583 martyrium
897 1524 1187 1569 illuminatura
1212 1527 1458 1580 deduceret,

29 1631 34 1637 .
100 1587 337 1654 refulgebat
351 1628 364 1645 ,
386 1603 431 1639 et
451 1610 552 1639 cum
586 1596 821 1654 amplexata
841 1594 1025 1638 victores
1047 1594 1090 1638 in
1112 1595 1254 1639 medio
1286 1589 1473 1643 filiorum

34 1683 35 1686 ¹
100 1665 277 1724 jaceret.

40 1791 41 1794 Ἴ
159 1737 265 1789 L1V.
287 1737 326 1782 Ο
338 1753 438 1782 vcra
453 1746 590 1782 mater
603 1738 829 1782 adamante
841 1737 1005 1788 sortior,
1019 1739 1147 1782 melle
1163 1739 1346 1790 dulcior,
1365 1740 1474 1786 ssore

32 1813 54 1837 ²
99 1808 356 1868 fragrantior
379 1810 435 1853 Σο
452 1809 743 1853 indissolubile
757 1809 926 1868 pietatis
959 1810 1181 1854 vinculum
1201 1812 1212 1854 l
1231 1827 1257 1856 ο
1276 1828 1375 1857 vere
1404 1830 1475 1859 va·

99 1879 188 1925 lida
203 1881 385 1925 charitas
405 1879 517 1923 sicut
532 1895 650 1924 mors
674 1881 801 1930 dura,
830 1880 1075 1924 sicutinseri
1097 1882 1212 1925 zelus
1234 1885 1470 1934 devotionis

72 1961 77 1964 '
102 1967 155 1996 ac
171 1951 285 1995 fidei.
305 1950 430 1995 Nulla
449 1958 662 2006 tantarum
679 1950 835 1994 diluvia
849 1951 1093 2010 passionum
1109 1959 1225 1996 tuam
1237 1963 1474 2013 potuerunt

105 2023 360 2072 charitatem
378 2020 628 2071 excludere,
651 2021 767 2064 nulla
783 2020 992 2065 inundare
1016 2036 1110 2064 eam
1131 2021 1308 2068 flumina
1335 2034 1476 2072 tanta.

105 2109 204 2138 rum
226 2091 520 2136 acerbitatum.
542 2089 666 2134 Sicut
696 2105 792 2135 arca
815 2090 859 2134 in
880 2091 952 2134 illo
972 2091 1124 2136 mundi
1149 2093 1308 2138 diluvio
1342 2097 1474 2144 totius

105 2163 223 2209 orbis
242 2161 387 2223 spatiis
398 2161 586 2206 'innocua
610 2161 853 2210 serebatur:
877 2161 934 2204 ita
955 2169 1000 2205 et
1014 2170 1063 2206 tu
1084 2163 1284 2208 adversus
1311 2166 1471 2214 fluctus

59 2248 65 2267 ·-
106 2244 196 2280 tam
205 2232 397 2294 gravium
406 2231 648 2293 passionum
661 2233 819 2292 pietate
835 2231 1064 2277 immobilis
1080 2234 1294 2287 restitisti,
1314 2245 1356 2282 et
1373 2254 1474 2285 cum

46 2322 73 2366 s*
106 2320 252 2366 posses
272 2304 452 2348 salutem
468 2301 654 2363 filiorum
670 2301 826 2362 eligere
837 2335 851 2353 ‚
865 2303 1051 2348 uoluisti.

168 2374 258 2421 LV.
286 2375 384 2428 Quo
407 2372 565 2418 affectu
586 2389 662 2418 vos
677 2389 933 2433 prosequar,
953 2382 1110 2418 sanctae
1125 2376 1272 2420 matris
1291 2378 1360 2437 pia
1382 2382 1479 2442 pig-

53 2453 74 2484 .·
110 2459 217 2490 nora
235 2444 256 2488 ἓ
272 2444 372 2498 Quo
389 2443 591 2505 penicillo
620 2444 828 2488 sermonis
845 2444 930 2487 mei
946 2444 1187 2490 describam
1210 2445 1355 2493 sormae
1382 2466 1475 2496 να-

114 2524 190 2559 πω
209 2523 254 2559 et
275 2515 511 2559 animarum
532 2514 855 2559 similitudinem
875 2514 1108 2559 ?'Stetistis
1133 2516 1245 2561 inter
1269 2521 1481 2567 exercitus

115 2585 278 2646 regios,
303 2585 459 2644 quibus
490 2593 606 2630 totus
639 2585 721 2630 fuit
741 2585 860 2630 orbis
891 2593 1102 2631 terrarum
1129 2588 1358 2641 subactus,
1381 2608 1489 2652 quos
1536 2599 1541 2605 “

263 2671 330 2700 u.
1289 2676 1306 2705 1
1316 2661 1342 2706 3
