1780 3120
287 241 370 292 546
898 258 1035 286 mom.

326 331 367 364 ad
382 331 548 364 vendenda
575 332 694 375 praedia
708 332 856 376 adigatur
870 357 879 370 ,
901 344 938 367 ac
953 335 1088 368 tandem
1102 334 1253 369 omnibus
1263 336 1438 373 destitutus
1451 345 1488 374 ut
1506 341 1549 374 ad

326 386 452 418 vincula
466 391 595 428 paratus
611 386 643 419 in
661 386 923 430 desperationem
940 388 1060 421 incidat
1071 389 1086 420 i’

283 440 394 472 Cnu‘r
412 440 510 473 VIII.
540 440 674 474 Liberos
688 452 747 485 pro
771 443 914 485 paternis
927 443 1046 476 debitis
1066 454 1126 486 per
1141 455 1298 479 summam
1316 447 1555 493 indignitatem

326 493 385 526 sub
399 494 488 527 hasta
503 495 613 527 venire
626 506 634 532 ;
654 496 710 528 sed
723 495 800 528 huic
815 497 900 529 malo
916 497 1086 530 subvenire
1103 509 1193 541 posse
1208 501 1382 540 neminem.
1399 514 1473 537 cum
1485 516 1546 538 ex-

326 548 408 591 pleri
429 554 568 590 nequeat
593 548 795 582 soeneratoris
811 551 966 590 avaritia3
992 562 1089 595 quam
1113 553 1144 584 in
1161 564 1230 586 rem
1258 555 1435 599 Scripturae
1446 558 1544 592 *locus

326 601 516 643 explicatur,
529 602 687 647 simulque
699 603 881 637 ostenditur
894 606 1061 639 materiam
1077 605 1353 650 praevaricationis
1367 621 1435 646 esse
1449 612 1548 647 foene-

328 661 498 689 rat1onem.

1587 397 1650 441 572

283 710 393 742 Carum·
410 710 473 742 IX.
497 710 621 744 Peccati
639 711 867 745 foeneratorem
885 713 1052 747 diabolum
1069 726 1156 757 esse,
1181 717 1236 760 qui
1261 711 1421 753 Salvatori
1445 722 1542 756 etiam
1589 669 1653 713 31⁵

324 764 452 797 divitias
468 775 538 797 suas
551 764 720 798 ostentarit
734 776 742 797 :
760 766 788 798 ei
808 765 1036 800 foeneratorem
1049 769 1136 801 haud
1153 769 1332 805 absimilem
1344 795 1354 813 ‚
1368 779 1468 818 atque
1479 775 1543 809 ibi-

328 820 401 851 dem
418 818 457 851 de.
470 819 643 851 centesima
672 830 777 852 usurae
789 843 802 859 ‚
817 831 855 853 ac
872 822 1046 855 centesima
1064 834 1125 857 ove
1138 835 1148 862 ;
1172 826 1279 870 deque.
1300 827 1470 863 creditoris
1485 840 1546 863 no-

326 871 413 904 mine
429 874 516 916 quod
530 873 591 905 sibi
606 873 847 917 imponitverus
863 882 1008 911 exactor.

284 927 396 958 estur
411 927 456 959 X.
483 927 700 960 Foeneratoris
717 939 758 961 ne
775 929 930 963 debitoris
946 931 1084 965 cadaver
1097 933 1142 966 ad
1160 935 1360 979 sepulturam
1376 937 1548 980 efferretur

330 981 689 1024 prohibentishistoria.
735 983 739 987 ’

1586 886 1653 931 377

656 1035 661 1041 .
911 1038 916 1044 ·
1039 1040 1045 1047 -
1584 993 1651 1039 ³7⁹

283 1035 395 1067 Cum·
409 1036 476 1067 Xl.
501 1035 606 1067 Usura
622 1042 719 1068 etiam
730 1036 769 1069 ab
786 1037 981 1071 aleatoribus
996 1041 1147 1083 exigitur,
1165 1053 1305 1085 quorum
1318 1043 1352 1076 in
1367 1045 1439 1079 lusu
1456 1048 1545 1080 varia

328 1090 458 1122 fortuna
472 1095 537 1128 est,
558 1090 613 1122 sed
628 1090 753 1123 lucrum
769 1091 853 1125 cedit
873 1092 1069 1127 foeneratori.
1091 1094 1199 1137 Hujus
1215 1096 1247 1129 in
1262 1097 1335 1131 illos
1350 1105 1472 1142 quanta
1495 1107 1546 1146 ty-

326 1144 434 1176 rannis
444 1168 452 1179 .
468 1149 501 1177 et
516 1153 588 1187 quae
601 1144 684 1186 leges
698 1145 898 1178 aleatorum?
914 1147 1082 1187 Postremo
1097 1149 1312 1184 harbarorum
1326 1155 1546 1197 quorumdam

326 1197 416 1230 furor
428 1198 461 1230 in
474 1198 576 1230 aleam
592 1198 797 1232 describitur.

284 1253 396 1285 Cum-1·
412 1252 497 1285 XII.
524 1254 574 1285 De
595 1252 826 1286 foeneratorum
846 1255 1034 1296 exactione,
1059 1262 1092 1290 et
1112 1258 1208 1292 variis
1232 1261 1412 1302 vocabulis,
1431 1262 1549 1306 quibus
1586 1209 1655 1243 58⁰

326 1313 475 1340 utuntur.
491 1307 612 1339 Eorum
626 1307 759 1351 pecunia
777 1315 983 1352 comparatur
995 1321 1067 1343 cum
1085 1313 1221 1346 echidna
1238 1315 1374 1359 aliisque
1388 1318 1548 1362 serpenti-

326 1361 403 1399 bus;
416 1362 472 1394 ubi
484 1373 541 1394 cur
559 1373 666 1394 usuras
677 1362 770 1405 graeci
782 1363 899 1403 τόπους
910 1363 1051 1399 dixerint
1063 1366 1254 1410 explicatur.

285 1417 396 1450 CAPnr
412 1416 518 1449 XIII.
545 1416 659 1449 Usurae
682 1417 907 1460 etymologiam
939 1429 1137 1463 prosequens
1152 1422 1294 1456 ostendit
1315 1423 1405 1458 illam
1429 1424 1550 1470 lepori-

327 1472 387 1505 bus
407 1471 505 1515 ipsis,
519 1482 555 1504 ac
575 1471 694 1515 plantis
709 1472 907 1514 quibuslibet
923 1472 1154 1507 foecundiorem
1171 1487 1255 1514 esse,
1278 1477 1549 1524 soeneratorisque
1579 1482 1584 1489 ”

329 1527 481 1560 aviditate
501 1536 630 1559 omnem
646 1526 739 1558 aliam
756 1528 899 1570 superari
915 1540 923 1565 ;
941 1528 1014 1561 dein
1029 1530 1070 1562 ad
1086 1530 1266 1565 institutam
1279 1544 1387 1567 usurae
1399 1545 1472 1568 cum
1484 1535 1551 1569 aoi-

328 1580 464 1613 malibus
480 1580 647 1623 ac'plantis
662 1581 935 1624 comparationem
953 1582 1048 1616 redit.
1588 1589 1653 1630 584

286 1637 397 1670 CAruT
410 1636 506 1669 XIV.
532 1635 670 1668 Usuram
685 1636 850 1679 prohiberi
862 1637 931 1680 lege
944 1637 1067 1679 divina,
1081 1639 1170 1673 unde
1183 1645 1216 1674 et
1234 1647 1397 1685 sumptum
1410 1648 1458 1677 est
1474 1643 1555 1678 illud
1590 1660 1593 1662 ·
1608 1646 1611 1650 '
1645 1643 1647 1646 ⁴

330 1692 485 1725 Catonis:
506 1691 674 1724 Faencrare
689 1697 736 1723 est
752 1692 910 1724 hominem
925 1693 1075 1727 occidere.
1094 1694 1331 1729 vestimentum
1348 1697 1476 1741 pignori
1499 1701 1550 1732 ac-

330 1752 462 1790 ceptum
483 1752 557 1780 ante
572 1752 699 1780 noctem
713 1747 914 1780 reddendum
928 1759 1011 1785 esse:
1025 1759 1062 1781 ac
1076 1748 1206 1782 l'oenoris
1223 1751 1356 1785 nomine
1369 1751 1553 1796 intelligen-

332 1801 419 1838 dum,
435 1801 592 1845 quidquid
609 1807 728 1844 praeter
742 1806 864 1834 sortem
878 1802 1034 1845 exiguum
1053 1809 1125 1846 post
1140 1814 1212 1847 quae
1226 1804 1373 1848 sequitur
1398 1807 1556 1840 extorsio-

331 1867 407 1889 nem
421 1857 576 1889 divitibus
588 1855 793 1889 familiarium
807 1856 1028 1899 reprehensio.
1594 1861 1660 1894 586

289 1912 399 1944 Cncr
410 1911 490 1944 XV.
515 1911 748 1953 Alienigenam.
765 1921 782 1943 a
797 1921 862 1954 quo
877 1921 986 1944 usuras
1005 1911 1080 1945 licet
1094 1912 1234 1956 exigere,
1249 1923 1354 1947 sotum
1366 1925 1434 1948 esse
1452 1926 1527 1949 eum
1538 1941 1548 1958 ‚

334 1977 429 2010 quem
440 1967 517 1999 ticet
534 1965 695 2003 occidere;
724 1965 856 1998 fratrem
872 1976 950 1998 vero
966 1965 1108 2008 ejusdem
1133 1968 1185 2000 vel
1199 1967 1273 2001 fidei
1298 1969 1350 2002 vel
1366 1968 1449 2011 juris
1470 1981 1551 2003 con-

334 2026 471 2057 sortem;
485 2020 662 2063 quamlibet
677 2030 804 2052 usuram
820 2020 991 2062 proscribi,
1006 2026 1039 2054 et
1051 2021 1090 2053 de
1106 2021 1390 2055 benedictionibus
1401 2022 1481 2067 ejus,
1497 2024 1552 2068 qui
1614 2025 1615 2029 ’

336 2076 376 2108 ab
393 2076 446 2108 illa
463 2075 657 2109 abstinuerit
670 2086 743 2108 cum
758 2075 983 2109 exhortatione
999 2076 1038 2108 ad
1055 2077 1308 2110 misericordiam
1318 2083 1353 2111 et
1365 2068 1550 2112 veritatem.
1598 2078 1664 2123 389

295 2132 404 2164 CArur
421 2130 520 2163 XVI.
547 2130 597 2162 Ex
623 2130 809 2173 evangelico
839 2135 1001 2173 sraecepto
1031 2130 1256 2164 foenerandum
1284 2131 1355 2171 his,
1389 2125 1414 2165 a⁴
1430 2126 1557 2177 'quibus'
1574 2134 1577 2137 ’
1607 2134 1612 2142 “

335 2185 417 2218 nihil
429 2190 638 2227 expectetur,
664 2184 728 2216 imo
749 2185 847 2218 etiam
864 2185 1003 2217 inimicis
1021 2196 1029 2217 ε
1047 2185 1250 2219 uberrimum
1265 2186 1370 2220 soenus
1385 2186 1472 2221 illiu's
1486 2192 1569 2221 esse'

338 2242 393 2285 qui
414 2241 557 2274 Domino
578 2240 801 2277 foeneraverit:
826 2251 887 2273 nec
911 2239 1123 2273 diffidendum
1140 2242 1239 2285 ipsius
1256 2243 1458 2286 paupertati,
1485 2253 1557 2287 quae

340 2307 429 2329 veras
442 2296 575 2339 largitur
592 2295 730 2328 divitias.

1589 1373 1654 1406 382

297 2351 407 2384 CArur
422 2350 539 2383 XVtI.
563 2349 753 2382 Occurritur
765 2348 960 2391 objectioni,
984 2359 1047 2392 qua
1064 2350 1211 2382 nonnulli
1230 2355 1349 2394 negant
1367 2350 1560 2399 generaliter

341 2404 539 2447 prohibitum
563 2414 603 2436 ne
618 2404 731 2447 pignus
746 2403 924 2436 retineatur
941 2426 951 2442 ,
968 2403 1023 2436 scd
1040 2403 1081 2436 ad
1095 2415 1273 2447 pauperum
1288 2405 1423 2449 pignora
1441 2406 1558 2452 Legem

344 2457 550 2500 restringunt.
1392 2463 1394 2466 ’
1598 2459 1617 2478 t·

295 2512 412 2546 Onu-r
427 2511 564 2544 XVIII.
586 2512 631 2544 Ut
654 2510 881 2553 objicientibus
908 2523 966 2543 nos
983 2512 1078 2545 dvina
1095 2513 1164 2555 lege
1179 2512 1219 2546 ad
1237 2513 1461 2547 foenerandum
1471 2514 1569 2563 inci-l

341 2567 402 2600 tari
424 2565 480 2600 fiat
494 2567 568 2599 satls
582 2589 593 2606 ‚
609 2566 785 2610 inquiritur
802 2565 880 2609 quid
909 2565 1034 2609 justus,
1059 2567 1149 2600 verbi
1176 2566 1296 2612 gratia,
1322 2566 1455 2605 Petrus,
1495 2566 1557 2601 foess
1592 2581 1596 2587 ’
