1780 3120
397 291 482 340 260
943 296 974 324 s.
1014 295 1204 324 Aunnosn

395 382 492 439 equi
524 378 795 423 calcaneum,
822 381 869 415 ut
894 373 1044 415 veneni
1073 372 1305 415 suffusione
1334 387 1469 431 equus
1499 374 1688 427 saucius,
1709 386 1754 421 et

393 448 784 496 vulneratusffdente
816 443 1042 502 serpentis,
1068 445 1178 486 levet
1200 445 1448 488 calcaneum
1473 461 1620 498 suum;
1644 447 1755 492 sicut

390 525 523 567 Judas
543 519 734 579 proditor
754 523 939 559 tentatus
967 531 988 557 a
1012 515 1182 558 diabolo
1205 531 1331 574 super
1353 516 1585 562 Dominum
1604 517 1753 563 Jesum

393 593 543 638 levavit
566 592 811 634 calcaneum
830 601 951 628 suum
966 618 976 634 ,
997 593 1045 627 ut
1058 585 1263 643 dejiceret
1283 587 1469 644 equitem
1483 588 1592 648 „qui
1619 605 1664 634 se
1684 591 1755 634 ‹le-

390 666 493 725 jecit
509 672 556 706 ut
578 676 724 704 omnes
747 662 915 702 levaret.
940 657 1104 699 Cecidit
1120 657 1248 716 igitur
1265 673 1350 701 non
1371 667 1606 717 prostratus
1628 661 1672 703 in
1696 661 1755 704 fa-

391 736 499 780 ciem
528 731 644 791 quasi
674 729 927 777 dormitans,
958 729 1033 770 sed
1065 735 1320 779 retrorsum,
1348 738 1394 772 ut
1415 745 1437 773 a
1461 730 1753 790 super-loribus

392 809 446 850 ad
472 805 614 864 priora
645 818 689 844 se
717 800 970 848 emendem,
1005 813 1024 839 a
1058 798 1241 841 Domino
1276 807 1516 865 expectaret
1555 804 1748 847 salutem.

390 876 561 921 Sciebat
590 872 701 915 enim
730 886 772 913 se
798 869 1136 912 resuscitandum
1153 903 1163 919 ,
1191 878 1235 912 et
1260 870 1355 915 ideo
1382 870 1596 928 jacentem
1616 872 1753 917 Adam

389 945 638 1005 expectabat
658 942 832 999 erigere.
923 992 927 994 Y

447 1014 651 1060 XXXIII.
691 1012 811 1055 Unde
832 1026 908 1053 nos
938 1026 1038 1053 cum
1065 1010 1175 1054 benc
1198 1011 1241 1054 in
1258 1012 1322 1055 via
1349 1012 1581 1064 currimus,
1605 1028 1754 1057 cavea-

386 1104 482 1131 mus
499 1085 652 1129 necubi
669 1098 840 1142 serpens
862 1084 990 1126 lateat
1008 1083 1049 1124 in
1072 1082 1242 1137 semita,
1265 1092 1310 1127 et
1331 1083 1509 1128 subruat
1531 1085 1752 1144 vestigium

389 1159 508 1217 equi,
532 1159 614 1200 hoc
635 1164 720 1205 est,
751 1153 939 1212 corporis
965 1153 1096 1195 nostri
1113 1186 1122 1202 ,
1147 1162 1190 1196 et
1212 1152 1382 1210 dejiciat
1404 1153 1544 1197 subito
1567 1155 1752 1214 equitem

391 1229 684 1272 dormientem.
712 1225 818 1268 Nam
841 1224 874 1266 si
895 1223 1137 1282 vigilemUS,
1159 1238 1308 1266 cavere
1325 1224 1531 1268 debemus
1548 1226 1753 1283 aliquate-

389 1318 485 1353 nus,
505 1310 547 1343 et
563 1313 727 1343 morsus
745 1297 958 1339 declinare
975 1296 1193 1354 serpentis.
1218 1296 1309 1339 Non
1327 1312 1428 1355 ergo
1446 1312 1522 1339 nos
1540 1297 1753 1356 opprimat

389 1386 560 1416 somnus
578 1367 840 1427 negligentiae
852 1400 863 1417 ‚
885 1382 1057 1409 somnus
1075 1367 1215 1410 saeculi
1229 1401 1239 1417 ‚
1260 1382 1344 1410 non
1363 1368 1576 1426 opprimat
1593 1368 1750 1413 divitia-

387 1458 484 1485 rum
519 1454 716 1488 somnus,
757 1453 809 1480 ne
840 1446 883 1480 et
912 1439 965 1480 de
991 1437 1112 1480 nobis
1142 1429 1340 1480 dicatur:
1377 1456 1394 1478 ι
1417 1438 1754 1483 Obdormierunt

386 1526 615 1556 »somnum
646 1524 769 1551 suum
801 1516 844 1550 et
875 1508 979 1550 nihil
1010 1508 1263 1552 invenerunt
1299 1524 1446 1553 omnes
1478 1510 1555 1553 viri
1588 1510 1754 1554 divitia-

388 1603 403 1625 »
418 1581 554 1626 rum¹.
577 1600 592 1622 n
613 1580 697 1623 Sed
719 1587 816 1621 suut
837 1586 879 1621 et
896 1579 1058 1636 equites
1075 1579 1332 1622 dormientes
1350 1611 1363 1628 ‚
1380 1581 1434 1623 de
1449 1580 1603 1638 quibus
1619 1581 1754 1641 scrip-

391 1665 482 1699 tum
509 1661 601 1696 est:
635 1650 1015 1695 «Dormitaverunt
1046 1649 1118 1707 qui
1155 1651 1439 1694 ascenderunt
1471 1650 1643 1709 equos'.
1664 1671 1679 1692 n
1709 1651 1752 1695 Si

389 1725 559 1772 avaritia
581 1731 730 1782 pectus
758 1730 881 1764 tuum
902 1722 1118 1770 vulneret,
1145 1720 1179 1762 si
1203 1720 1335 1763 libido
1369 1721 1628 1773 inflammet,
1652 1723 1750 1766 dor-

389 1797 468 1841 mis
495 1810 647 1853 eques,
678 1801 721 1835 et
747 1793 843 1834 ideo
869 1806 1022 1850 corpus
1046 1800 1194 1840 tuum,
1218 1791 1302 1834 hoc
1328 1800 1414 1843 est,
1444 1806 1614 1851 equum¹
1631 1802 1753 1836 tuum

389 1881 475 1911 non
518 1874 637 1924 potes
684 1862 910 1905 refrenare.
947 1860 1084 1920 Vigila
1116 1877 1241 1920 erge,
1275 1871 1323 1906 ut
1356 1863 1521 1907 etiamsi
1560 1864 1752 1923 dejectus

388 1936 536 1986 fueris,
576 1935 657 1977 hoc
690 1941 777 1983 est,
812 1940 1005 1975 mortuus
1040 1932 1193 1982 suerIS,
1231 1948 1318 1976 nou
1360 1933 1618 1978 obdormias.
1667 1933 1753 1987 Qui

389 2008 502 2051 enim
525 2004 801 2049 obdormiunt
836 2019 1032 2046 somnum
1076 2019 1225 2053 suum,
1264 2003 1370 2047 nihil
1408 2004 1640 2048 inveniunt.
1688 2005 1752 2049 Tu

391 2089 532 2123 autem
554 2084 728 2135 expecta
749 2076 929 2118 salutem
953 2090 975 2117 a
994 2075 1178 2117 Domino
1193 2108 1203 2124 ‚
1235 2083 1457 2119 venturam
1484 2064 1671 2136 respice,
1703 2083 1752 2119 ut

389 2150 565 2210 gratiam
586 2145 906 2190 resurrectionis
928 2145 1127 2189 invenias.
1159 2146 1408 2189 Dormiebat
1433 2147 1460 2190 J
1466 2148 1598 2190 udas:
1628 2147 1750 2192 deni-

389 2236 472 2279 que
506 2218 632 2262 verba
670 2216 825 2258 Christi
867 2231 953 2258 non
991 2216 1201 2259 audiebat.
1243 2216 1492 2260 Dormiebat
1525 2217 1682 2267 Judas.
1706 2226 1752 2262 et

387 2292 559 2349 quidem
576 2302 771 2332 somnum
797 2286 1059 2336 divitiarum,
1080 2287 1152 2344 qui
1169 2288 1413 2331 mercedem
1438 2289 1490 2331 de
1510 2287 1752 2347 proditione

391 2359 617 2419 quaerebat.
644 2357 760 2402 Vidit
785 2372 884 2399 eum
907 2356 1188 2399 dormientem
1211 2357 1424 2408 diabolus,
1444 2366 1487 2401 et
1502 2373 1751 2417 oppressum

391 2430 572 2475 avaritiae
604 2443 753 2471 somno
786 2428 900 2487 gravi
931 2443 940 2470 :
974 2427 1088 2471 misit
1118 2444 1162 2471 se
1193 2428 1236 2470 in
1265 2443 1339 2471 cor
1371 2428 1490 2487 ejus,
1517 2428 1752 2473 vulneravit

390 2515 564 2560 equum,
590 2498 744 2557 dejecit
763 2498 949 2556 equitem
962 2531 974 2549 ,
999 2511 1127 2556 quem
1147 2500 1355 2557 separavit
1371 2515 1394 2542 a
1410 2500 1595 2545 Christo.
1751 2536 1753 2539 .

405 2590 407 2593 ⁴
447 2569 650 2617 XXXIV.
687 2570 806 2613 Hane
831 2570 991 2614 tribum
1014 2570 1230 2624 benedixit
1248 2571 1414 2629 Moyses
1431 2570 1575 2616 dicens
1595 2586 1606 2614 ε
1623 2588 1640 2611 α
1654 2571 1749 2617 Dan

438 2672 445 2687 ¹
467 2662 550 2696 Psal.
570 2672 660 2699 mxxv,
674 2661 707 2694 6.
726 2680 761 2686 —
779 2668 790 2684 ²
812 2661 883 2694 Ibid
901 2672 933 2704 7.
