<?xml version="1.0" encoding="UTF-8"?>
<!DOCTYPE html PUBLIC "-//W3C//DTD XHTML 1.0 Transitional//EN"
    "http://www.w3.org/TR/xhtml1/DTD/xhtml1-transitional.dtd">
<html xmlns="http://www.w3.org/1999/xhtml" xml:lang="en" lang="en">
 <head>
  <title>
</title>
<meta http-equiv="Content-Type" content="text/html;charset=utf-8" />
  <meta name='ocr-system' content='tesseract 3.04.00' />
  <meta name='ocr-capabilities' content='ocr_page ocr_carea ocr_par ocr_line ocrx_word'/>
</head>
<body>
  <div class='ocr_page' id='page_1' title='image "./omniaequaeextant02ambruoft_0204.png"; bbox 0 0 1780 3120; ppageno 0'>
   <div class='ocr_carea' id='block_1_1' title="bbox 349 245 1156 305">
    <p class='ocr_par' dir='ltr' id='par_1_1' title="bbox 349 245 1156 305">
     <span class='ocr_line' id='line_1_1' title="bbox 349 245 1156 305; baseline -0.002 -27"><span class='ocrx_word' id='word_1_1' title='bbox 349 245 432 305; x_wconf 82' lang='lat'><strong>196</strong></span> <span class='ocrx_word' id='word_1_2' title='bbox 892 251 925 278; x_wconf 73' lang='grc' dir='ltr'><strong>ε.</strong></span> <span class='ocrx_word' id='word_1_3' title='bbox 963 247 1156 278; x_wconf 73' lang='lat' dir='ltr'><strong>Aussnosu</strong></span> 
     </span>
    </p>
   </div>
   <div class='ocr_carea' id='block_1_2' title="bbox 333 323 1768 2157">
    <p class='ocr_par' dir='ltr' id='par_1_2' title="bbox 340 323 1714 536">
     <span class='ocr_line' id='line_1_2' title="bbox 343 323 1714 381; baseline -0.007 0"><span class='ocrx_word' id='word_1_4' title='bbox 343 338 449 381; x_wconf 86' lang='lat' dir='ltr'><strong>datis</strong></span> <span class='ocrx_word' id='word_1_5' title='bbox 472 335 670 378; x_wconf 87' lang='lat' dir='ltr'><strong>animum.</strong></span> <span class='ocrx_word' id='word_1_6' title='bbox 705 329 812 374; x_wconf 87' lang='lat' dir='ltr'><strong>Nam</strong></span> <span class='ocrx_word' id='word_1_7' title='bbox 844 327 946 371; x_wconf 86' lang='lat' dir='ltr'><strong>licet</strong></span> <span class='ocrx_word' id='word_1_8' title='bbox 969 326 1040 369; x_wconf 89' lang='lat' dir='ltr'><strong>illa</strong></span> <span class='ocrx_word' id='word_1_9' title='bbox 1066 324 1150 368; x_wconf 89' lang='lat' dir='ltr'><strong>sint</strong></span> <span class='ocrx_word' id='word_1_10' title='bbox 1178 323 1420 375; x_wconf 80' lang='lat' dir='ltr'><strong>diffusiora,</strong></span> <span class='ocrx_word' id='word_1_11' title='bbox 1447 333 1589 369; x_wconf 87' lang='lat' dir='ltr'><strong>tamen</strong></span> <span class='ocrx_word' id='word_1_12' title='bbox 1625 326 1714 371; x_wconf 69' lang='lat' dir='ltr'><strong>ista</strong></span> 
     </span>
     <span class='ocr_line' id='line_1_3' title="bbox 342 395 1710 465; baseline -0.007 -15"><span class='ocrx_word' id='word_1_13' title='bbox 342 405 598 465; x_wconf 72' lang='lat' dir='ltr'><strong>expressiora</strong></span> <span class='ocrx_word' id='word_1_14' title='bbox 631 408 750 449; x_wconf 90' lang='lat' dir='ltr'><strong>sunt,</strong></span> <span class='ocrx_word' id='word_1_15' title='bbox 774 407 816 442; x_wconf 89' lang='lat' dir='ltr'><strong>ct</strong></span> <span class='ocrx_word' id='word_1_16' title='bbox 839 413 931 456; x_wconf 86' lang='lat' dir='ltr'><strong>quae</strong></span> <span class='ocrx_word' id='word_1_17' title='bbox 956 413 1008 440; x_wconf 92' lang='lat' dir='ltr'><strong>eo</strong></span> <span class='ocrx_word' id='word_1_18' title='bbox 1038 395 1203 439; x_wconf 84' lang='lat' dir='ltr'><strong>facilius</strong></span> <span class='ocrx_word' id='word_1_19' title='bbox 1228 404 1415 439; x_wconf 83' lang='lat' dir='ltr'><strong>mentem</strong></span> <span class='ocrx_word' id='word_1_20' title='bbox 1450 405 1710 455; x_wconf 70' lang='lat' dir='ltr'><strong>penetrent,</strong></span> 
     </span>
     <span class='ocr_line' id='line_1_4' title="bbox 340 467 1424 536; baseline -0.007 -17"><span class='ocrx_word' id='word_1_21' title='bbox 340 492 425 536; x_wconf 90' lang='lat' dir='ltr'><strong>quo</strong></span> <span class='ocrx_word' id='word_1_22' title='bbox 446 474 577 532; x_wconf 83' lang='lat' dir='ltr'><strong>magis</strong></span> <span class='ocrx_word' id='word_1_23' title='bbox 597 469 920 527; x_wconf 88' lang='lat' dir='ltr'><strong>circumscripta</strong></span> <span class='ocrx_word' id='word_1_24' title='bbox 941 482 989 511; x_wconf 90' lang='lat' dir='ltr'><strong>ac</strong></span> <span class='ocrx_word' id='word_1_25' title='bbox 1011 467 1290 510; x_wconf 87' lang='lat' dir='ltr'><strong>determinata</strong></span> <span class='ocrx_word' id='word_1_26' title='bbox 1312 475 1424 511; x_wconf 86' lang='lat' dir='ltr'><strong>sunt.</strong></span> 
     </span>
    </p>

    <p class='ocr_par' dir='ltr' id='par_1_3' title="bbox 333 538 1715 939">
     <span class='ocr_line' id='line_1_5' title="bbox 398 538 1712 600; baseline -0.004 -13"><span class='ocrx_word' id='word_1_27' title='bbox 398 546 450 587; x_wconf 91' lang='lat' dir='ltr'><strong>Il.</strong></span> <span class='ocrx_word' id='word_1_28' title='bbox 470 543 533 586; x_wconf 90' lang='lat' dir='ltr'><strong>Sit</strong></span> <span class='ocrx_word' id='word_1_29' title='bbox 549 541 678 600; x_wconf 80' lang='lat' dir='ltr'><strong>igitur</strong></span> <span class='ocrx_word' id='word_1_30' title='bbox 698 541 821 584; x_wconf 86' lang='lat' dir='ltr'><strong>nobis</strong></span> <span class='ocrx_word' id='word_1_31' title='bbox 842 539 1084 599; x_wconf 88' lang='lat' dir='ltr'><strong>propositus</strong></span> <span class='ocrx_word' id='word_1_32' title='bbox 1106 546 1276 581; x_wconf 85' lang='lat' dir='ltr'><strong>sanctus</strong></span> <span class='ocrx_word' id='word_1_33' title='bbox 1295 538 1484 597; x_wconf 75' lang='lat' dir='ltr'><strong>Joseph&#39;,</strong></span> <span class='ocrx_word' id='word_1_34' title='bbox 1502 547 1712 597; x_wconf 75' lang='lat' dir='ltr'>tanquam</span> 
     </span>
     <span class='ocr_line' id='line_1_6' title="bbox 339 609 1715 674; baseline -0.004 -16"><span class='ocrx_word' id='word_1_35' title='bbox 339 616 556 674; x_wconf 84' lang='lat' dir='ltr'><strong>speculum</strong></span> <span class='ocrx_word' id='word_1_36' title='bbox 574 612 788 656; x_wconf 83' lang='lat' dir='ltr'><strong>castitatis.</strong></span> <span class='ocrx_word' id='word_1_37' title='bbox 817 611 864 654; x_wconf 70' lang='lat' dir='ltr'><strong>ln</strong></span> <span class='ocrx_word' id='word_1_38' title='bbox 888 610 980 668; x_wconf 88' lang='lat' dir='ltr'><strong>ejus</strong></span> <span class='ocrx_word' id='word_1_39' title='bbox 995 610 1109 653; x_wconf 89' lang='lat' dir='ltr'><strong>enim</strong></span> <span class='ocrx_word' id='word_1_40' title='bbox 1124 610 1340 659; x_wconf 87' lang='lat' dir='ltr'><strong>moribus,</strong></span> <span class='ocrx_word' id='word_1_41' title='bbox 1366 610 1406 651; x_wconf 90' lang='lat' dir='ltr'><strong>in</strong></span> <span class='ocrx_word' id='word_1_42' title='bbox 1423 609 1516 666; x_wconf 85' lang='lat' dir='ltr'><strong>ejus</strong></span> <span class='ocrx_word' id='word_1_43' title='bbox 1540 610 1715 653; x_wconf 67' lang='lat' dir='ltr'><strong>actibus</strong></span> 
     </span>
     <span class='ocr_line' id='line_1_7' title="bbox 336 680 1712 743; baseline -0.004 -13"><span class='ocrx_word' id='word_1_44' title='bbox 336 686 450 730; x_wconf 89' lang='lat' dir='ltr'><strong>lucet</strong></span> <span class='ocrx_word' id='word_1_45' title='bbox 469 683 698 743; x_wconf 79' lang='lat' dir='ltr'>pudicitia,</span> <span class='ocrx_word' id='word_1_46' title='bbox 731 690 773 725; x_wconf 88' lang='lat' dir='ltr'><strong>et</strong></span> <span class='ocrx_word' id='word_1_47' title='bbox 791 681 963 740; x_wconf 86' lang='lat' dir='ltr'><strong>quidam</strong></span> <span class='ocrx_word' id='word_1_48' title='bbox 986 682 1180 740; x_wconf 78' lang='lat' dir='ltr'><strong>splendet</strong></span> <span class='ocrx_word' id='word_1_49' title='bbox 1201 680 1458 724; x_wconf 74' lang='lat' dir='ltr'><strong>castimoniae</strong></span> <span class='ocrx_word' id='word_1_50' title='bbox 1474 695 1617 723; x_wconf 87' lang='lat' dir='ltr'><strong>comes</strong></span> <span class='ocrx_word' id='word_1_51' title='bbox 1637 682 1712 724; x_wconf 79' lang='lat' dir='ltr'><strong>ni-</strong></span> 
     </span>
     <span class='ocr_line' id='line_1_8' title="bbox 335 751 1713 813; baseline -0.003 -15"><span class='ocrx_word' id='word_1_52' title='bbox 335 763 403 800; x_wconf 85' lang='lat' dir='ltr'><strong>tor</strong></span> <span class='ocrx_word' id='word_1_53' title='bbox 419 754 575 813; x_wconf 86' lang='lat' dir='ltr'><strong>gratiae.</strong></span> <span class='ocrx_word' id='word_1_54' title='bbox 607 754 728 797; x_wconf 86' lang='lat' dir='ltr'><strong>Unde</strong></span> <span class='ocrx_word' id='word_1_55' title='bbox 749 753 877 796; x_wconf 80' lang='lat' dir='ltr'><strong>etiam</strong></span> <span class='ocrx_word' id='word_1_56' title='bbox 900 767 922 795; x_wconf 88' lang='lat' dir='ltr'><strong>a</strong></span> <span class='ocrx_word' id='word_1_57' title='bbox 937 752 1183 810; x_wconf 82' lang='lat' dir='ltr'><strong>parentibus</strong></span> <span class='ocrx_word' id='word_1_58' title='bbox 1205 753 1302 809; x_wconf 89' lang='lat' dir='ltr'><strong>plus</strong></span> <span class='ocrx_word' id='word_1_59' title='bbox 1322 766 1451 809; x_wconf 90' lang='lat' dir='ltr'><strong>quam</strong></span> <span class='ocrx_word' id='word_1_60' title='bbox 1473 751 1613 795; x_wconf 78' lang='lat' dir='ltr'><strong>caeteri</strong></span> <span class='ocrx_word' id='word_1_61' title='bbox 1629 751 1713 794; x_wconf 61' lang='lat' dir='ltr'><strong>filii</strong></span> 
     </span>
     <span class='ocr_line' id='line_1_9' title="bbox 335 822 1711 884; baseline -0.001 -16"><span class='ocrx_word' id='word_1_62' title='bbox 335 825 598 884; x_wconf 80' lang='lat' dir='ltr'>diligebatur.</span> <span class='ocrx_word' id='word_1_63' title='bbox 632 824 718 867; x_wconf 87' lang='lat' dir='ltr'><strong>Sed</strong></span> <span class='ocrx_word' id='word_1_64' title='bbox 739 838 788 866; x_wconf 91' lang='lat' dir='ltr'><strong>ea</strong></span> <span class='ocrx_word' id='word_1_65' title='bbox 810 838 877 865; x_wconf 90' lang='lat' dir='ltr'><strong>ros</strong></span> <span class='ocrx_word' id='word_1_66' title='bbox 899 822 1067 867; x_wconf 82' lang='lat' dir='ltr'><strong>invidiae</strong></span> <span class='ocrx_word' id='word_1_67' title='bbox 1089 822 1169 867; x_wconf 83' lang='lat' dir='ltr'><strong>fuit</strong></span> <span class='ocrx_word' id='word_1_68' title='bbox 1183 854 1195 872; x_wconf 95' lang='lat'><strong>,</strong></span> <span class='ocrx_word' id='word_1_69' title='bbox 1221 823 1338 880; x_wconf 85' lang='lat' dir='ltr'><strong>quod</strong></span> <span class='ocrx_word' id='word_1_70' title='bbox 1363 824 1530 867; x_wconf 82' lang='lat' dir='ltr'><strong>silentio</strong></span> <span class='ocrx_word' id='word_1_71' title='bbox 1551 832 1711 881; x_wconf 81' lang='lat' dir='ltr'><strong>praete-</strong></span> 
     </span>
     <span class='ocr_line' id='line_1_10' title="bbox 333 894 760 939; baseline -0.005 0"><span class='ocrx_word' id='word_1_72' title='bbox 333 897 543 939; x_wconf 85' lang='lat' dir='ltr'><strong>reundum</strong></span> <span class='ocrx_word' id='word_1_73' title='bbox 565 909 651 937; x_wconf 87' lang='lat' dir='ltr'><strong>non</strong></span> <span class='ocrx_word' id='word_1_74' title='bbox 669 894 760 937; x_wconf 88' lang='lat' dir='ltr'><strong>suit.</strong></span> 
     </span>
    </p>

    <p class='ocr_par' dir='ltr' id='par_1_4' title="bbox 335 964 1723 1799">
     <span class='ocr_line' id='line_1_11' title="bbox 394 964 1710 1024; baseline -0.002 -14"><span class='ocrx_word' id='word_1_75' title='bbox 394 967 468 1010; x_wconf 94' lang='grc' dir='ltr'><strong>ΙΙΙ.</strong></span> <span class='ocrx_word' id='word_1_76' title='bbox 503 965 613 1009; x_wconf 91' lang='lat' dir='ltr'><strong>Hinc</strong></span> <span class='ocrx_word' id='word_1_77' title='bbox 646 979 747 1024; x_wconf 86' lang='lat' dir='ltr'><strong>ergo</strong></span> <span class='ocrx_word' id='word_1_78' title='bbox 780 972 1080 1023; x_wconf 79' lang='lat' dir='ltr'><strong>argumentum</strong></span> <span class='ocrx_word' id='word_1_79' title='bbox 1110 964 1239 1007; x_wconf 87' lang='lat' dir='ltr'><strong>totius</strong></span> <span class='ocrx_word' id='word_1_80' title='bbox 1261 964 1447 1009; x_wconf 83' lang='lat' dir='ltr'><strong>historiae</strong></span> <span class='ocrx_word' id='word_1_81' title='bbox 1472 965 1710 1024; x_wconf 48' lang='lat' dir='ltr'><strong>proce-ssim</strong></span> 
     </span>
     <span class='ocr_line' id='line_1_12' title="bbox 335 1035 1712 1095; baseline -0.001 -14"><span class='ocrx_word' id='word_1_82' title='bbox 335 1038 461 1082; x_wconf 81' lang='lat' dir='ltr'><strong>simul</strong></span> <span class='ocrx_word' id='word_1_83' title='bbox 476 1045 524 1080; x_wconf 86' lang='lat' dir='ltr'><strong>ut</strong></span> <span class='ocrx_word' id='word_1_84' title='bbox 545 1050 850 1095; x_wconf 83' lang='lat' dir='ltr'><strong>cognoscamus</strong></span> <span class='ocrx_word' id='word_1_85' title='bbox 870 1035 1109 1094; x_wconf 84' lang='lat' dir='ltr'><strong>perfectum</strong></span> <span class='ocrx_word' id='word_1_86' title='bbox 1131 1036 1269 1079; x_wconf 86' lang='lat' dir='ltr'><strong>virum</strong></span> <span class='ocrx_word' id='word_1_87' title='bbox 1287 1051 1373 1079; x_wconf 90' lang='lat' dir='ltr'><strong>non</strong></span> <span class='ocrx_word' id='word_1_88' title='bbox 1394 1037 1555 1080; x_wconf 89' lang='lat' dir='ltr'><strong>moveri</strong></span> <span class='ocrx_word' id='word_1_89' title='bbox 1575 1036 1712 1079; x_wconf 87' lang='lat' dir='ltr'><strong>ulcis-</strong></span> 
     </span>
     <span class='ocr_line' id='line_1_13' title="bbox 337 1104 1709 1165; baseline 0 -14"><span class='ocrx_word' id='word_1_90' title='bbox 337 1108 460 1152; x_wconf 86' lang='lat' dir='ltr'><strong>cendi</strong></span> <span class='ocrx_word' id='word_1_91' title='bbox 478 1107 636 1150; x_wconf 87' lang='lat' dir='ltr'><strong>doloris</strong></span> <span class='ocrx_word' id='word_1_92' title='bbox 659 1106 811 1164; x_wconf 83' lang='lat' dir='ltr'><strong>injuria</strong></span> <span class='ocrx_word' id='word_1_93' title='bbox 836 1104 946 1163; x_wconf 81' lang='lat'><strong>(35),</strong></span> <span class='ocrx_word' id='word_1_94' title='bbox 970 1121 1053 1148; x_wconf 91' lang='lat' dir='ltr'><strong>nec</strong></span> <span class='ocrx_word' id='word_1_95' title='bbox 1071 1107 1282 1148; x_wconf 81' lang='lat' dir='ltr'><strong>malorum</strong></span> <span class='ocrx_word' id='word_1_96' title='bbox 1299 1108 1535 1165; x_wconf 86' lang='lat' dir='ltr'><strong>rependere</strong></span> <span class='ocrx_word' id='word_1_97' title='bbox 1549 1107 1709 1151; x_wconf 69' lang='lat' dir='ltr'><strong>vicem.</strong></span> 
     </span>
     <span class='ocr_line' id='line_1_14' title="bbox 335 1176 1697 1222; baseline -0.003 0"><span class='ocrx_word' id='word_1_98' title='bbox 335 1179 458 1222; x_wconf 87' lang='lat' dir='ltr'><strong>Unde</strong></span> <span class='ocrx_word' id='word_1_99' title='bbox 472 1178 659 1221; x_wconf 87' lang='lat' dir='ltr'><strong>etDavid</strong></span> <span class='ocrx_word' id='word_1_100' title='bbox 674 1177 754 1220; x_wconf 87' lang='lat' dir='ltr'><strong>ait:</strong></span> <span class='ocrx_word' id='word_1_101' title='bbox 771 1194 787 1217; x_wconf 73' lang='grc' dir='ltr'><strong><em>α</em></strong></span> <span class='ocrx_word' id='word_1_102' title='bbox 799 1176 842 1220; x_wconf 89' lang='lat' dir='ltr'><strong>Si</strong></span> <span class='ocrx_word' id='word_1_103' title='bbox 858 1176 1026 1220; x_wconf 85' lang='lat' dir='ltr'><strong>reddidi</strong></span> <span class='ocrx_word' id='word_1_104' title='bbox 1042 1176 1378 1220; x_wconf 80' lang='lat' dir='ltr'><strong>retribuentibus</strong></span> <span class='ocrx_word' id='word_1_105' title='bbox 1394 1178 1496 1220; x_wconf 87' lang='lat' dir='ltr'><strong>mihi</strong></span> <span class='ocrx_word' id='word_1_106' title='bbox 1511 1177 1659 1221; x_wconf 86' lang='lat' dir='ltr'><strong>mala².</strong></span> <span class='ocrx_word' id='word_1_107' title='bbox 1680 1196 1697 1218; x_wconf 84' lang='lat'><strong>»</strong></span> 
     </span>
     <span class='ocr_line' id='line_1_15' title="bbox 339 1247 1707 1307; baseline 0 -15"><span class='ocrx_word' id='word_1_108' title='bbox 339 1249 458 1305; x_wconf 83' lang='lat' dir='ltr'><strong>Quid</strong></span> <span class='ocrx_word' id='word_1_109' title='bbox 478 1257 619 1292; x_wconf 86' lang='lat' dir='ltr'><strong>autem</strong></span> <span class='ocrx_word' id='word_1_110' title='bbox 645 1257 757 1292; x_wconf 89' lang='lat' dir='ltr'><strong>esset</strong></span> <span class='ocrx_word' id='word_1_111' title='bbox 779 1263 863 1306; x_wconf 86' lang='lat' dir='ltr'><strong>quo</strong></span> <span class='ocrx_word' id='word_1_112' title='bbox 882 1247 1071 1307; x_wconf 82' lang='lat' dir='ltr'><strong>praeserri</strong></span> <span class='ocrx_word' id='word_1_113' title='bbox 1091 1247 1251 1307; x_wconf 82' lang='lat' dir='ltr'><strong>Joseph</strong></span> <span class='ocrx_word' id='word_1_114' title='bbox 1267 1257 1506 1291; x_wconf 88' lang='lat' dir='ltr'><strong>mereretur</strong></span> <span class='ocrx_word' id='word_1_115' title='bbox 1527 1248 1707 1298; x_wconf 66' lang='lat' dir='ltr'><strong>caeteris,</strong></span> 
     </span>
     <span class='ocr_line' id='line_1_16' title="bbox 338 1308 1714 1377; baseline -0.001 -14"><span class='ocrx_word' id='word_1_116' title='bbox 338 1319 373 1363; x_wconf 88' lang='lat' dir='ltr'><strong>si</strong></span> <span class='ocrx_word' id='word_1_117' title='bbox 414 1327 486 1362; x_wconf 84' lang='lat' dir='ltr'><strong>aut</strong></span> <span class='ocrx_word' id='word_1_118' title='bbox 520 1320 722 1362; x_wconf 84' lang='lat' dir='ltr'><strong>laedcntes</strong></span> <span class='ocrx_word' id='word_1_119' title='bbox 751 1319 945 1369; x_wconf 77' lang='lat' dir='ltr'><strong>laesisset,</strong></span> <span class='ocrx_word' id='word_1_120' title='bbox 982 1326 1055 1362; x_wconf 90' lang='lat' dir='ltr'><strong>aut</strong></span> <span class='ocrx_word' id='word_1_121' title='bbox 1088 1310 1309 1377; x_wconf 80' lang='lat' dir='ltr'><strong>diligentes</strong></span> <span class='ocrx_word' id='word_1_122' title='bbox 1344 1308 1584 1362; x_wconf 72' lang='lat' dir='ltr'><strong>dilexisset?</strong></span> <span class='ocrx_word' id='word_1_123' title='bbox 1617 1319 1714 1362; x_wconf 80' lang='lat' dir='ltr'><strong>IIoc</strong></span> 
     </span>
     <span class='ocr_line' id='line_1_17' title="bbox 340 1387 1716 1448; baseline -0.001 -15"><span class='ocrx_word' id='word_1_124' title='bbox 340 1389 453 1434; x_wconf 85' lang='lat' dir='ltr'><strong>enim</strong></span> <span class='ocrx_word' id='word_1_125' title='bbox 486 1389 678 1448; x_wconf 87' lang='lat' dir='ltr'><strong>plerique</strong></span> <span class='ocrx_word' id='word_1_126' title='bbox 709 1388 884 1432; x_wconf 82' lang='lat' dir='ltr'><strong>faciunt.</strong></span> <span class='ocrx_word' id='word_1_127' title='bbox 912 1389 997 1432; x_wconf 87' lang='lat' dir='ltr'><strong>Sed</strong></span> <span class='ocrx_word' id='word_1_128' title='bbox 1027 1387 1133 1431; x_wconf 81' lang='lat' dir='ltr'><strong>illud</strong></span> <span class='ocrx_word' id='word_1_129' title='bbox 1154 1388 1373 1439; x_wconf 86' lang='lat' dir='ltr'><strong>mirabile,</strong></span> <span class='ocrx_word' id='word_1_130' title='bbox 1412 1388 1446 1432; x_wconf 88' lang='lat' dir='ltr'><strong>si</strong></span> <span class='ocrx_word' id='word_1_131' title='bbox 1468 1389 1621 1448; x_wconf 84' lang='lat' dir='ltr'><strong>diligas·</strong></span> <span class='ocrx_word' id='word_1_132' title='bbox 1635 1389 1716 1445; x_wconf 82' lang='lat' dir='ltr'><strong>ini·</strong></span> 
     </span>
     <span class='ocr_line' id='line_1_18' title="bbox 335 1458 1715 1519; baseline -0.001 -15"><span class='ocrx_word' id='word_1_133' title='bbox 335 1461 502 1504; x_wconf 88' lang='lat' dir='ltr'><strong>micum</strong></span> <span class='ocrx_word' id='word_1_134' title='bbox 518 1469 640 1503; x_wconf 91' lang='lat' dir='ltr'><strong>tuum</strong></span> <span class='ocrx_word' id='word_1_135' title='bbox 653 1460 689 1511; x_wconf 75' lang='lat'><strong>¹,</strong></span> <span class='ocrx_word' id='word_1_136' title='bbox 714 1461 830 1519; x_wconf 88' lang='lat' dir='ltr'><strong>quod</strong></span> <span class='ocrx_word' id='word_1_137' title='bbox 851 1459 1043 1502; x_wconf 78' lang='lat' dir='ltr'><strong>Salvator</strong></span> <span class='ocrx_word' id='word_1_138' title='bbox 1063 1461 1201 1503; x_wconf 84' lang='lat' dir='ltr'><strong>docet.</strong></span> <span class='ocrx_word' id='word_1_139' title='bbox 1228 1458 1254 1502; x_wconf 86' lang='lat' dir='ltr'><strong>J</strong></span> <span class='ocrx_word' id='word_1_140' title='bbox 1259 1474 1334 1503; x_wconf 86' lang='lat' dir='ltr'><strong>ure</strong></span> <span class='ocrx_word' id='word_1_141' title='bbox 1352 1475 1455 1518; x_wconf 81' lang='lat' dir='ltr'><strong>ergo</strong></span> <span class='ocrx_word' id='word_1_142' title='bbox 1473 1460 1715 1509; x_wconf 81' lang='lat' dir='ltr'><strong>mirandus,</strong></span> 
     </span>
     <span class='ocr_line' id='line_1_19' title="bbox 343 1529 1721 1597; baseline 0 -24"><span class='ocrx_word' id='word_1_143' title='bbox 343 1530 415 1589; x_wconf 90' lang='lat' dir='ltr'><strong>qui</strong></span> <span class='ocrx_word' id='word_1_144' title='bbox 438 1530 520 1573; x_wconf 91' lang='lat' dir='ltr'><strong>hoc</strong></span> <span class='ocrx_word' id='word_1_145' title='bbox 536 1529 639 1572; x_wconf 85' lang='lat' dir='ltr'><strong>fecit</strong></span> <span class='ocrx_word' id='word_1_146' title='bbox 661 1537 759 1572; x_wconf 87' lang='lat' dir='ltr'><strong>ante</strong></span> <span class='ocrx_word' id='word_1_147' title='bbox 777 1529 1053 1588; x_wconf 85' lang='lat' dir='ltr'><strong>Evangelium</strong></span> <span class='ocrx_word' id='word_1_148' title='bbox 1065 1546 1078 1580; x_wconf 89' lang='lat'>;</span> <span class='ocrx_word' id='word_1_149' title='bbox 1100 1538 1149 1574; x_wconf 88' lang='lat' dir='ltr'><strong>ut</strong></span> <span class='ocrx_word' id='word_1_150' title='bbox 1163 1530 1506 1597; x_wconf 60' lang='lat' dir='ltr'><strong>laesusparceret</strong></span> <span class='ocrx_word' id='word_1_151' title='bbox 1521 1564 1532 1583; x_wconf 91' lang='lat'>‚</span> <span class='ocrx_word' id='word_1_152' title='bbox 1556 1531 1721 1590; x_wconf 82' lang='lat' dir='ltr'><strong>appeti-</strong></span> 
     </span>
     <span class='ocr_line' id='line_1_20' title="bbox 341 1600 1721 1660; baseline 0.001 -17"><span class='ocrx_word' id='word_1_153' title='bbox 341 1609 410 1644; x_wconf 84' lang='lat' dir='ltr'><strong>tus</strong></span> <span class='ocrx_word' id='word_1_154' title='bbox 440 1600 701 1659; x_wconf 84' lang='lat' dir='ltr'><strong>ignosceret,</strong></span> <span class='ocrx_word' id='word_1_155' title='bbox 723 1600 922 1643; x_wconf 88' lang='lat' dir='ltr'><strong>venditus</strong></span> <span class='ocrx_word' id='word_1_156' title='bbox 953 1615 1040 1643; x_wconf 92' lang='lat' dir='ltr'><strong>non</strong></span> <span class='ocrx_word' id='word_1_157' title='bbox 1064 1600 1242 1644; x_wconf 82' lang='lat' dir='ltr'><strong>referret</strong></span> <span class='ocrx_word' id='word_1_158' title='bbox 1272 1600 1595 1659; x_wconf 12' lang='lat' dir='ltr'><strong>in&#39;jiiriam‚vsed</strong></span> <span class='ocrx_word' id='word_1_159' title='bbox 1615 1616 1721 1660; x_wconf 83' lang='lat' dir='ltr'><strong>gra-</strong></span> 
     </span>
     <span class='ocr_line' id='line_1_21' title="bbox 343 1670 1723 1730; baseline 0.001 -17"><span class='ocrx_word' id='word_1_160' title='bbox 343 1670 445 1714; x_wconf 87' lang='lat' dir='ltr'><strong>tiam</strong></span> <span class='ocrx_word' id='word_1_161' title='bbox 468 1686 545 1729; x_wconf 90' lang='lat' dir='ltr'><strong>pro</strong></span> <span class='ocrx_word' id='word_1_162' title='bbox 569 1670 825 1714; x_wconf 82' lang='lat' dir='ltr'><strong>contumelia</strong></span> <span class='ocrx_word' id='word_1_163' title='bbox 848 1671 1030 1714; x_wconf 88' lang='lat' dir='ltr'><strong>solveret</strong></span> <span class='ocrx_word' id='word_1_164' title='bbox 1039 1688 1052 1721; x_wconf 91' lang='lat'>;</span> <span class='ocrx_word' id='word_1_165' title='bbox 1073 1671 1305 1729; x_wconf 82' lang='lat' dir='ltr'><strong>quodpost</strong></span> <span class='ocrx_word' id='word_1_166' title='bbox 1320 1671 1599 1730; x_wconf 84' lang='lat' dir='ltr'><strong>Evangelium</strong></span> <span class='ocrx_word' id='word_1_167' title='bbox 1620 1685 1723 1714; x_wconf 80' lang='lat' dir='ltr'><strong>om-</strong></span> 
     </span>
     <span class='ocr_line' id='line_1_22' title="bbox 342 1741 1311 1799; baseline 0.001 -15"><span class='ocrx_word' id='word_1_168' title='bbox 342 1754 420 1784; x_wconf 88' lang='lat' dir='ltr'><strong>nes</strong></span> <span class='ocrx_word' id='word_1_169' title='bbox 442 1741 691 1791; x_wconf 79' lang='lat' dir='ltr'><strong>didicimus,</strong></span> <span class='ocrx_word' id='word_1_170' title='bbox 714 1748 758 1784; x_wconf 86' lang='lat' dir='ltr'><strong>et</strong></span> <span class='ocrx_word' id='word_1_171' title='bbox 780 1755 947 1784; x_wconf 87' lang='lat' dir='ltr'><strong>servare</strong></span> <span class='ocrx_word' id='word_1_172' title='bbox 969 1755 1054 1784; x_wconf 92' lang='lat' dir='ltr'><strong>non</strong></span> <span class='ocrx_word' id='word_1_173' title='bbox 1073 1755 1311 1799; x_wconf 88' lang='lat' dir='ltr'><strong>possumus.</strong></span> 
     </span>
    </p>

    <p class='ocr_par' dir='ltr' id='par_1_5' title="bbox 347 1811 1768 2157">
     <span class='ocr_line' id='line_1_23' title="bbox 407 1811 1725 1871; baseline 0.002 -17"><span class='ocrx_word' id='word_1_174' title='bbox 407 1811 475 1855; x_wconf 90' lang='lat' dir='ltr'><strong>IV.</strong></span> <span class='ocrx_word' id='word_1_175' title='bbox 497 1812 718 1856; x_wconf 86' lang='lat' dir='ltr'><strong>Discamus</strong></span> <span class='ocrx_word' id='word_1_176' title='bbox 734 1826 834 1871; x_wconf 85' lang='lat' dir='ltr'><strong>ergo</strong></span> <span class='ocrx_word' id='word_1_177' title='bbox 851 1819 895 1855; x_wconf 88' lang='lat' dir='ltr'><strong>et</strong></span> <span class='ocrx_word' id='word_1_178' title='bbox 915 1811 1172 1856; x_wconf 89' lang='lat' dir='ltr'><strong>Sanctorum</strong></span> <span class='ocrx_word' id='word_1_179' title='bbox 1194 1811 1396 1857; x_wconf 85' lang='lat' dir='ltr'><strong>invidiam</strong></span> <span class='ocrx_word' id='word_1_180' title='bbox 1408 1845 1420 1863; x_wconf 92' lang='lat'>‚</span> <span class='ocrx_word' id='word_1_181' title='bbox 1436 1821 1485 1856; x_wconf 87' lang='lat' dir='ltr'><strong>nt</strong></span> <span class='ocrx_word' id='word_1_182' title='bbox 1498 1812 1725 1856; x_wconf 67' lang='lat' dir='ltr'><strong>imitemin·</strong></span> 
     </span>
     <span class='ocr_line' id='line_1_24' title="bbox 347 1882 1724 1942; baseline -0.001 -17"><span class='ocrx_word' id='word_1_183' title='bbox 347 1882 594 1941; x_wconf 84' lang='lat' dir='ltr'><strong>patientiam</strong></span> <span class='ocrx_word' id='word_1_184' title='bbox 619 1898 630 1926; x_wconf 72' lang='grc' dir='ltr'><strong><em>ε</em></strong></span> <span class='ocrx_word' id='word_1_185' title='bbox 653 1890 698 1926; x_wconf 90' lang='lat' dir='ltr'><strong>et</strong></span> <span class='ocrx_word' id='word_1_186' title='bbox 718 1897 1025 1942; x_wconf 79' lang='lat' dir='ltr'><strong>cognoscamus</strong></span> <span class='ocrx_word' id='word_1_187' title='bbox 1045 1882 1138 1927; x_wconf 87' lang='lat' dir='ltr'><strong>illos</strong></span> <span class='ocrx_word' id='word_1_188' title='bbox 1158 1897 1246 1926; x_wconf 90' lang='lat' dir='ltr'><strong>non</strong></span> <span class='ocrx_word' id='word_1_189' title='bbox 1272 1890 1436 1926; x_wconf 79' lang='lat' dir='ltr'><strong>naturae</strong></span> <span class='ocrx_word' id='word_1_190' title='bbox 1457 1882 1724 1942; x_wconf 79' lang='lat' dir='ltr'><strong>praestantio-</strong></span> 
     </span>
     <span class='ocr_line' id='line_1_25' title="bbox 349 1952 1723 2005; baseline -0.001 -9"><span class='ocrx_word' id='word_1_191' title='bbox 349 1953 407 1996; x_wconf 86' lang='lat' dir='ltr'><strong>ris</strong></span> <span class='ocrx_word' id='word_1_192' title='bbox 425 1953 572 2003; x_wconf 86' lang='lat' dir='ltr'><strong>fuisse,</strong></span> <span class='ocrx_word' id='word_1_193' title='bbox 593 1955 668 1997; x_wconf 88' lang='lat' dir='ltr'><strong>sed</strong></span> <span class='ocrx_word' id='word_1_194' title='bbox 689 1953 995 1997; x_wconf 86' lang='lat' dir='ltr'><strong>observationis</strong></span> <span class='ocrx_word' id='word_1_195' title='bbox 1003 1971 1016 2005; x_wconf 84' lang='lat'><em>3</em></span> <span class='ocrx_word' id='word_1_196' title='bbox 1040 1969 1119 1998; x_wconf 91' lang='lat' dir='ltr'><strong>nec</strong></span> <span class='ocrx_word' id='word_1_197' title='bbox 1141 1952 1240 1998; x_wconf 79' lang='lat' dir='ltr'><strong>vitia</strong></span> <span class='ocrx_word' id='word_1_198' title='bbox 1261 1954 1467 2003; x_wconf 90' lang='lat' dir='ltr'><strong>nescisse,</strong></span> <span class='ocrx_word' id='word_1_199' title='bbox 1485 1953 1557 1996; x_wconf 86' lang='lat' dir='ltr'><strong>sed</strong></span> <span class='ocrx_word' id='word_1_200' title='bbox 1573 1962 1723 1996; x_wconf 79' lang='lat' dir='ltr'><strong>emen-</strong></span> 
     </span>
     <span class='ocr_line' id='line_1_26' title="bbox 348 2015 1768 2084; baseline -0.001 -17"><span class='ocrx_word' id='word_1_201' title='bbox 348 2024 483 2068; x_wconf 84' lang='lat' dir='ltr'><strong>dasse.</strong></span> <span class='ocrx_word' id='word_1_202' title='bbox 505 2024 633 2079; x_wconf 83' lang='lat' dir='ltr'><strong>Quod</strong></span> <span class='ocrx_word' id='word_1_203' title='bbox 648 2025 681 2068; x_wconf 90' lang='lat' dir='ltr'><strong>si</strong></span> <span class='ocrx_word' id='word_1_204' title='bbox 704 2025 858 2069; x_wconf 88' lang='lat' dir='ltr'><strong>invidia</strong></span> <span class='ocrx_word' id='word_1_205' title='bbox 878 2025 1005 2069; x_wconf 82' lang='lat' dir='ltr'><strong>otiam</strong></span> <span class='ocrx_word' id='word_1_206' title='bbox 1023 2025 1201 2070; x_wconf 79' lang='lat' dir='ltr'><strong>Sanctos</strong></span> <span class='ocrx_word' id='word_1_207' title='bbox 1219 2026 1390 2082; x_wconf 87' lang='lat' dir='ltr'><strong>adussit,</strong></span> <span class='ocrx_word' id='word_1_208' title='bbox 1409 2031 1566 2084; x_wconf 87' lang='lat' dir='ltr'><strong>quanto</strong></span> <span class='ocrx_word' id='word_1_209' title='bbox 1581 2024 1722 2084; x_wconf 72' lang='lat' dir='ltr'><strong>magis</strong></span> <span class='ocrx_word' id='word_1_210' title='bbox 1764 2015 1768 2021; x_wconf 49' lang='lat'><em>⁴</em></span> 
     </span>
     <span class='ocr_line' id='line_1_27' title="bbox 348 2087 1291 2157; baseline 0.006 -21"><span class='ocrx_word' id='word_1_211' title='bbox 348 2095 587 2138; x_wconf 77' lang='lat' dir='ltr'><strong>cavendum</strong></span> <span class='ocrx_word' id='word_1_212' title='bbox 610 2087 749 2139; x_wconf 79' lang='lat' dir='ltr'><strong>estne</strong></span> <span class='ocrx_word' id='word_1_213' title='bbox 768 2095 1005 2141; x_wconf 86' lang='lat' dir='ltr'><strong>inflammet</strong></span> <span class='ocrx_word' id='word_1_214' title='bbox 1030 2105 1291 2157; x_wconf 78' lang='lat' dir='ltr'><strong>peccatores.</strong></span> 
     </span>
    </p>
   </div>
   <div class='ocr_carea' id='block_1_3' title="bbox 398 2183 995 2229">
    <p class='ocr_par' dir='ltr' id='par_1_6' title="bbox 398 2183 995 2229">
     <span class='ocr_line' id='line_1_28' title="bbox 398 2183 995 2229; baseline 0 -7"><span class='ocrx_word' id='word_1_215' title='bbox 398 2191 409 2209; x_wconf 93' lang='lat'>·</span> <span class='ocrx_word' id='word_1_216' title='bbox 428 2183 511 2219; x_wconf 77' lang='lat' dir='ltr'><strong>Psal.</strong></span> <span class='ocrx_word' id='word_1_217' title='bbox 530 2195 591 2226; x_wconf 78' lang='lat' dir='ltr'><strong>vn,</strong></span> <span class='ocrx_word' id='word_1_218' title='bbox 610 2186 643 2221; x_wconf 85' lang='lat'><strong>5.</strong></span> <span class='ocrx_word' id='word_1_219' title='bbox 662 2204 703 2213; x_wconf 91' lang='lat'>—</span> <span class='ocrx_word' id='word_1_220' title='bbox 720 2194 734 2212; x_wconf 91' lang='lat'><strong>·</strong></span> <span class='ocrx_word' id='word_1_221' title='bbox 753 2187 874 2222; x_wconf 67' lang='lat' dir='ltr'><strong>nauh.</strong></span> <span class='ocrx_word' id='word_1_222' title='bbox 891 2198 923 2229; x_wconf 82' lang='lat' dir='ltr'><strong>v,</strong></span> <span class='ocrx_word' id='word_1_223' title='bbox 940 2187 995 2229; x_wconf 74' lang='grc'><strong>44,</strong></span> 
     </span>
    </p>
   </div>
  </div>
 </body>
</html>
