1780 3120
337 261 424 290 220
883 255 915 284 S.
953 254 1146 285 Almnosn

333 352 462 381 vacca
475 368 488 386 ,
504 350 588 378 non
607 333 675 377 illa
693 346 900 391 corporeo
918 330 1101 376 distenta
1114 332 1250 375 ubere
1262 364 1273 382 ,
1291 333 1368 377 sed
1383 333 1606 380 abundans
1622 337 1708 396 spi-

336 408 467 452 ritalis
493 406 615 450 lactis
636 413 679 448 ct
699 404 865 464 gratim,
880 418 1008 461 super
1027 403 1151 461 cujus
1169 403 1370 448 decorem
1387 405 1564 450 cervicis
1589 406 1707 453 Deus

335 479 480 523 sedere
516 491 559 520 se
594 475 719 527 dicit,
754 483 801 518 ut
827 474 1150 533 scriptumest:
1167 492 1184 514 α
1209 473 1407 532 Ephraem
1429 490 1557 520 vacca
1577 479 1707 522 docta

333 565 351 588 ι
364 547 537 605 diligere
549 546 784 590 victoriam.
804 545 893 603 Ego
906 552 1047 588 autem
1057 544 1235 588 transivi
1252 560 1380 603 super
1398 547 1598 615 decorem
1614 563 1708 593 eer-

333 616 619 676 »vicisrjus¹.
638 635 654 658 n
676 617 768 661 Non
797 631 897 674 ergo
920 615 1156 674 impinguet
1183 623 1312 674 caput
1335 623 1538 661 'nostrum
1560 619 1722 671 oleum!

336 689 572 747 peccatoris
586 720 598 738 ‚
617 703 695 731 nec
714 686 803 730 falsi
819 689 982 730 lructus
1005 687 1220 729 delectare
1250 701 1328 730 nos
1351 687 1538 738 debent,v
1559 703 1616 732 ne
1638 689 1708 732 di.-

302 781 305 784 ·
335 768 457 803 catur
471 768 515 802 et
536 761 588 803 de
607 759 730 801 nobis
749 773 758 800 :
776 775 792 797 «
813 756 1059 800 Seminastis
1087 756 1347 814 impietatem
1362 766 1441 807 „et
1461 757 1710 817 iniquitates

332 829 455 886 »ejus
473 828 771 872 vindemiastis.
799 827 1063 871 Manducasti
1083 827 1270 871 fructum
1300 828 1591 887 salsuquuia
1617 845 1709 890 spe-

334 917 353 945 n,
364 900 463 943 rasti
488 901 531 942 in
552 900 748 943 curribus
764 897 887 942 tuis².
916 915 933 940 ι
967 898 1054 943 Nec
1075 915 1143 943 me
1170 908 1315 945 movet
1334 902 1451 959 quod
1468 897 1599 949 habet
1618 903 1707 961 spi·-
1756 953 1762 956 s

335 984 404 1015 cas
421 986 585 1014 macras
600 1003 612 1021 ‚
630 979 672 1013 et
692 978 819 1014 vento
841 979 1064 1030 corruptas
1075 988 1087 1021 3
1103 972 1201 1030 quia
1221 982 1264 1016 et
1283 972 1538 1018 Davidtunc
1554 974 1709 1035 melior

333 1049 447 1091 erat,
473 1040 645 1099 quando
667 1040 777 1083 sicut
810 1055 963 1084 aranea
985 1041 1260 1086 tabescebat:
1286 1051 1329 1087 et
1348 1043 1528 1102 spiritus·
1543 1039 1708 1088 contri-

331 1111 504 1154 bulatus
531 1110 787 1155 sacrificium
806 1111 884 1154 Dei
905 1119 1060 1160 est3'et
1083 1112 1145 1154 illi
1158 1113 1471 1171 praestantiores
1493 1116 1704 1166 evadunt,

333 1196 438 1239 quos
478 1182 521 1225 in
556 1182 638 1226 hoc
675 1183 829 1226 saeculo
859 1181 1057 1240 gravibus
1099 1182 1267 1241 injuriis
1291 1183 1464 1242 spiritus
1496 1185 1711 1244 malignus

333 1253 537 1296 exercuit.
1448 1266 1470 1279 ‘
1530 1273 1535 1275 “

390 1323 480 1367 XL.
508 1323 629 1366 Unde
644 1323 778 1383 magis
790 1324 968 1383 mystica
985 1325 1191 1369 meruisse
1213 1325 1386 1385 praemia
1407 1326 1570 1385 Joseph
1591 1327 1708 1370 arbi-

332 1400 448 1442 tror,
474 1393 571 1451 quia
591 1395 643 1437 de
653 1395 844 1453 mysticis
866 1404 931 1439 est
945 1397 1128 1439 locutus.
1153 1396 1270 1449 Quid
1291 1397 1406 1440 enim
1425 1397 1505 1442 sibi
1524 1399 1615 1442 vult
1630 1413 1707 1441 an·

330 1465 457 1507 nulus
473 1463 604 1522 digito
620 1464 713 1523 ejus
732 1466 932 1517 insertus,
953 1467 1031 1510 nisi
1043 1476 1090 1511 ut
1105 1467 1391 1527 intelligamus
1406 1468 1707 1529 pontificatum

330 1534 370 1577 ei
396 1532 493 1578 fidoi
525 1526 619 1578 esse
641 1537 853 1587 delatum.
877 1545 926 1581 ut
951 1538 1058 1581 alios
1075 1537 1164 1597 ipse
1185 1539 1411 1598 signarevi)
1433 1540 1549 1593 Quid
1569 1540 1705 1591 stola,

329 1620 423 1663 quae
441 1606 618 1661 amictus
627 1615 691 1651 est
706 1607 922 1667 sapientire
935 1641 946 1657 ‚
965 1609 1045 1652 nisi
1059 1608 1268 1656 tributum
1285 1611 1324 1654 ei
1347 1611 1400 1654 ab
1421 1610 1496 1655 illo
1513 1627 1612 1671 rege
1623 1626 1721 1655 coeae

330 1676 424 1719 lesti
449 1678 684 1734 prudentiae
705 1679 1027 1738 principatum?
1047 1680 1238 1738 Torques
1256 1696 1415 1724 aureus
1438 1681 1706 1727 intellectum

329 1746 491 1789 bonum
513 1748 681 1792 videtur
701 1749 951 1808 exprimere.
981 1749 1335 1812 Currusquoque
1357 1752 1707 1811 significatsasti-

330 1816 446 1875 gium
466 1819 646 1863 sublime
667 1821 933 1865 meritorum.
958 1822 1065 1875 Quis
1084 1830 1226 1866 autem
1247 1831 1311 1867 est
1337 1824 1410 1882 qui
1429 1839 1480 1868 ex
1507 1825 1713 1884 gentibus

330 1889 496 1947 accepit
514 1905 688 1933 uxorem
702 1923 715 1942 ,
733 1890 815 1934 nisi
833 1891 906 1950 qui
925 1892 1162 1936 Ecclesiam
1178 1909 1229 1936 ex
1239 1893 1487 1937 nationibus
1508 1894 1590 1938 sihi
1605 1905 1707 1942 con·

331 1959 532 2017 gregavit,
545 1961 783 2020 etsuscepit
799 1977 852 2005 ex
875 1978 925 2006 ea
938 1961 1075 2007 filium
1092 1964 1310 2008 Manassen
1321 1997 1334 2015 ‚
1355 1981 1580 2024 perquem
1591 1966 1704 2012 obli-

331 2035 400 2072 tus
416 2038 480 2073 est
497 2046 644 2074 omnes
668 2031 834 2077 dolores
851 2049 967 2084 suos,
999 2048 1107 2093 quos
1125 2035 1276 2079 habuit
1302 2037 1606 2097 delsacrilegiis
1621 2037 1699 2093 Ju-

329 2100 518 2143 daeornm
549 2100 568 2142 P
601 2101 797 2162 Suscepit
833 2104 963 2148 alium
992 2121 1162 2164 quoque
1194 2106 1331 2152 filium
1369 2108 1567 2167 Ephraem
1581 2141 1594 2160 ,
1618 2125 1722 2168 ‘peti

331 2168 455 2227 cujus
476 2170 715 2227 profectum
737 2175 890 2222 claruit
911 2176 1028 2232 quod
1049 2185 1245 2235 suscepta
1267 2177 1310 2220 in
1333 2192 1469 2223 earne·
1486 2178 1707 2224 humilitas

335 2247 378 2282 et
398 2239 670 2285 Divinitatem
687 2258 774 2287 non
790 2244 1051 2297 humiliavit,
1075 2255 1119 2290 et
1136 2248 1314 2306 gloriam
1337 2249 1585 2294 cumulavi&

386 2308 499 2355 XLI.
510 2312 702 2371 Denique
718 2315 978 2374 quicumque
994 2317 1156 2361 samem·
1167 2318 1459 2377 patiebantur,
1473 2321 1526 2363 ad
1538 2318 1710 2379 Josephk

318 2379 626 2428 'mittebantun
655 2385 740 2437 Qui
766 2395 864 2431 sunt
898 2389 987 2439 isti,
1026 2389 1108 2433 nisi
1139 2391 1192 2434 de
1222 2390 1377 2449 quibus
1419 2391 1583 2436 dictum
1605 2395 1703 2436 est:

341 2467 358 2490 ι
380 2451 690 2498 convertentur
721 2459 774 2501 ad
798 2474 1039 2518 vesperam,
1064 2469 1113 2506 et¹
1129 2461 1284 2504 samem
1305 2461 1523 2520 patientur
1553 2470 1602 2505 ut
1626 2477 1702 2505 ca-

333 2521 460 2566 nones⁸
476 2522 520 2566 Ρη
532 2524 633 2568 Erat
650 2534 790 2571 autem
803 2528 933 2573 sames
946 2545 1032 2574 non
1048 2531 1174 2574 unius
1190 2532 1273 2575 loci
1284 2564 1295 2583 ,
1314 2531 1391 2575 sed
1405 2532 1536 2577 totius
1552 2532 1710 2594 terrm-5

378 2623 387 2638 ¹
407 2614 501 2649 Osee.
520 2627 557 2657 x,
575 2627 622 2650 n.
639 2636 680 2644 --
695 2629 710 2644 ι
727 2619 817 2655 lbid.
837 2622 886 2655 15.
900 2640 934 2648 —
961 2625 975 2647 ⁸
991 2623 1074 2658 Psal.
1099 2634 1192 2663 tvm,
1208 2635 1242 2668 7.
1302 2658 1305 2660 ,
