1780 3120
275 244 359 303 476
588 252 592 254 “
676 272 680 275 -
746 253 749 256 ’
821 258 853 286 s.
891 256 1083 286 munosu

270 335 470 397 »prodest
492 333 525 378 si
553 333 781 377 serviamus
801 333 873 376 eiiJ
908 333 996 377 Aut
1014 349 1108 392 quae
1126 333 1285 377 utilitas
1307 334 1341 377 si
1364 334 1638 378 observemus

268 425 284 448 n
297 404 455 450 eum'?
476 423 492 445 »
511 404 610 448 Haec
632 403 775 461 itaque
797 403 901 447 dicit
921 403 1190 447 saecularium
1208 404 1471 448 abundantia
1492 419 1638 449 rerum

273 478 556 526 temulentus3
577 475 674 534 quia
690 479 776 518 non
799 474 1003 522 continuo
1024 474 1069 518 in
1084 476 1239 519 saeculo
1258 476 1468 519 scelerum
1487 475 1641 519 merita

272 548 574 607 rependuntur.
607 544 898 604 Supinabatur
929 544 1069 595 enim,
1107 545 1206 603 quia
1227 545 1271 588 in
1300 546 1498 590 manibus
1528 546 1643 590 eiad

274 620 533 678 voluptatem
573 617 715 660 omnia
751 617 1034 676 suppetebant
1057 631 1067 658 x
1103 625 1147 659 et
1183 617 1379 661 conscius
1414 617 1644 676 impietatis

277 705 362 732 suae
388 689 510 747 cujus
533 703 656 748 poena
678 696 867 746 sequest1
871 688 1044 737 abatur
1076 688 1258 747 putabat
1277 688 1392 748 quod
1418 686 1533 732 Deus
1561 688 1645 732 im-

278 760 447 818 piorum
464 761 622 803 scelera
643 774 729 803 non
745 759 921 802 videret.

335 831 468 876 XVII.
505 831 615 874 Huic
635 846 736 889 ergo
760 830 948 889 opinioni
974 830 1066 888 ejus
1088 830 1310 889 respondit
1332 838 1504 874 sanctus
1527 804 1643 874 Jol).

280 899 376 946 Noli
407 916 501 944 esse
538 916 712 944 securus
741 917 789 945 ac
813 901 1296 962 dissolutussaestimaus
1305 902 1434 964 quod
1451 901 1505 943 ad
1539 908 1583 944 te
1604 900 1647 943 in

287 972 476 1031 hocipso
503 974 656 1015 saeculo
672 973 843 1016 Domini
865 972 1031 1032 flagella
1054 989 1142 1016 non
1167 973 1351 1016 veniant.
1386 991 1403 1012 α
1425 971 1649 1017 Verumta-

280 1062 297 1084 »
311 1059 409 1087 men
429 1044 556 1087 etiam
581 1043 808 1103 impiorum
838 1045 1013 1087 lucerna
1037 1043 1320 1102 extinguitur¹
1346 1059 1356 1086 ι
1377 1062 1394 1085 »
1413 1045 1467 1087 ad
1482 1052 1650 1103 tempus

283 1116 421 1164 lucet,
442 1130 528 1157 non
550 1114 679 1158 habet
702 1116 849 1157 lumen
874 1122 1082 1157 aeternum
1098 1131 1109 1164 3
1125 1123 1167 1157 et
1189 1115 1288 1173 ipsis
1309 1110 1501 1173 quamvis
1524 1129 1652 1159 saecu-

285 1185 376 1227 lum
396 1184 548 1234 faveat,
568 1185 663 1242 quia
681 1183 772 1243 ejus
789 1184 860 1242 qui
875 1184 1160 1243 principatum
1173 1184 1304 1226 habet
1320 1185 1362 1227 in
1375 1185 1459 1230 hoc
1476 1186 1650 1235 saeculo,

284 1253 444 1297 faciunt
463 1257 750 1304 voluntatem,
775 1257 882 1298 solet
902 1255 1045 1298 venire
1066 1270 1211 1297 rerum
1239 1255 1460 1298 conversio
1474 1288 1486 1305 ,
1516 1264 1558 1299 et
1583 1257 1654 1298 do-

287 1326 396 1368 lores
420 1326 471 1368 ab
504 1325 563 1368 ira
589 1334 632 1369 et
657 1326 943 1383 indignatione
967 1326 1128 1368 coelesti
1146 1358 1158 1375 ,
1191 1334 1238 1368 ut
1265 1327 1525 1370 ventilentur
1545 1326 1655 1369 sicut

288 1396 418 1455 paleae
440 1411 461 1439 a
486 1405 622 1440 vento.
651 1397 803 1454 Injusti
825 1397 935 1440 sicut
959 1398 1090 1454 paleae
1110 1396 1394 1446 ventilantur,
1422 1397 1524 1454 justi
1547 1396 1672 1440 sicut

290 1466 490 1509 triticum.
516 1466 708 1524 Denique
725 1467 823 1510 audi
846 1468 1059 1510 dicentem
1083 1467 1209 1510 Petro
1231 1467 1465 1510 Dominum
1483 1483 1527 1510 ια
1543 1467 1657 1511 Ecce

290 1555 306 1577 »
320 1536 494 1580 Satanas
513 1537 714 1596 expetivit
729 1552 801 1581 vos
815 1571 827 1588 ,
849 1546 898 1580 ut
920 1538 1093 1581 ventilet
1113 1538 1223 1580 sicut
1250 1538 1440 1582 triticum
1462 1555 1471 1580 :
1491 1553 1570 1597 ego
1586 1553 1658 1581 au-

291 1626 308 1648 »
322 1616 409 1651 tem
427 1608 566 1666 rogavi
582 1623 661 1666 pro
688 1617 730 1652 te
746 1642 757 1658 ,
786 1617 833 1652 ut
857 1624 944 1652 nou
960 1607 1131 1652 deficiat
1153 1608 1259 1652 fides
1276 1609 1390 1654 tua².
1408 1629 1424 1650 ι
1441 1609 1660 1654 Deficiunt

294 1678 351 1722 illi
374 1679 445 1736 qui
474 1679 581 1722 sicut
602 1680 732 1737 paleae
756 1679 1015 1722 ventilantur
1035 1695 1045 1722 :
1065 1695 1152 1722 non
1178 1679 1323 1723 deficit
1344 1680 1416 1738 qui
1439 1681 1495 1724 ad
1517 1679 1660 1724 simili-

294 1749 485 1793 tudinem
508 1750 618 1792 illius
639 1749 758 1808 grani
775 1758 860 1800 est,
881 1751 997 1808 quod
1020 1750 1176 1793 cecidit
1199 1759 1243 1794 et
1258 1751 1513 1800 resurrexit,
1532 1749 1660 1809 pluri-

293 1834 462 1862 morum
482 1818 698 1863 fructuum
719 1821 961 1864 accessione
984 1823 1263 1865 cumulatum.
1302 1822 1405 1865 Ideo
1427 1822 1531 1866 dicit
1554 1820 1661 1865 Pro-

296 1890 423 1949 pheta
438 1906 448 1933 :
462 1908 479 1931 α
497 1891 589 1934 Heu
603 1907 687 1942 me,
704 1892 798 1950 quia
817 1892 954 1935 factus
968 1908 1060 1936 sum
1076 1893 1186 1936 sicut
1202 1894 1273 1952 qui
1292 1893 1451 1952 colligit
1464 1893 1662 1951 stipulam

296 1961 370 2004 »in
391 1962 566 2005 messe&
591 1982 606 2003 »
641 1962 815 2022 Stipulae
848 1964 976 2022 igitur
991 1998 1001 2015 ‚
1022 1980 1116 2022 quae
1133 1965 1220 2008 cito
1241 1965 1447 2016 exuritur,
1469 1963 1663 2023 impietas

298 2042 590 2092 comparatur,
611 2043 653 2077 et
674 2036 851 2093 pulveri.
883 2037 984 2081 Ideo
1004 2044 1229 2096 postquam
1252 2037 1356 2080 dixit
1386 2052 1396 2080 :
1422 2055 1438 2077 ιι
1454 2037 1592 2080 Erunt
1605 2035 1663 2080 si-

299 2122 315 2144 »
329 2112 402 2147 cut
422 2106 551 2163 paleae
572 2120 595 2147 a
614 2114 762 2156 vento,
787 2107 1034 2150 »subtexuit
1050 2108 1307 2151 versiculum
1325 2108 1468 2152 statim
1486 2106 1630 2150 dicens
1649 2121 1661 2148 ε

308 2174 425 2218 «Aut
454 2175 563 2219 sicut
594 2177 728 2235 pulvis
762 2193 890 2235 quem
924 2179 1099 2229 abstulit
1131 2180 1326 2223 ventus⁵.
1353 2198 1370 2220 κ
1395 2179 1591 2237 Denique
1619 2185 1666 2221 ut

301 2259 529 2304 cognoscas
550 2247 648 2304 quia
670 2247 823 2306 impius
848 2249 958 2292 sicut
978 2250 1114 2308 pulvis
1138 2250 1221 2293 cito
1242 2250 1398 2294 fatiscit
1420 2258 1546 2308 atque
1567 2263 1666 2292 eva-

301 2317 458 2367 nescit,
484 2317 648 2360 habes
637 2334 679 2360 1n
708 2319 844 2377 primo
871 2320 1039 2364 Psalmo
1062 2321 1225 2364 dictum
1256 2337 1265 2364 :
1290 2339 1306 2361 α
1329 2321 1423 2365 Nou
1446 2319 1506 2363 sic
1530 2319 1664 2378 impii,

301 2401 418 2429 »non
440 2386 523 2437 sic3
549 2387 620 2430 »id
642 2397 733 2439 est,
755 2405 843 2433 non
864 2391 974 2435 sieut
992 2392 1127 2450 justi·
1144 2410 1160 2431 α
1183 2392 1266 2436 Sed
1290 2400 1491 2450 tanquam
1514 2389 1664 2450 pulviS,

301 2474 318 2498 »
332 2472 459 2515 quem
480 2458 650 2517 projicit
669 2469 819 2505 ventus
836 2478 858 2505 a
882 2462 989 2507 facie
1006 2463 1151 2507 terrae⁶
1161 2495 1170 2506 .
1193 2482 1209 2504 »

353 2558 804 2597 1J0b.xx1,15.-·1bid.
828 2576 875 2607 ¹7·
898 2584 936 2590 —
966 2568 980 2590 ³
1006 2567 1086 2601 Luc.
1104 2577 1187 2605 xxn,
1205 2566 1257 2604 δι,
1276 2566 1329 2600 5².
1346 2564 1539 2599 —⁴Mich.
1563 2573 1622 2600 vu.
1639 2573 1668 2595 ι.

305 2630 339 2638 -
366 2613 473 2647 ⁵Job.
487 2615 620 2654 xx1,18.
639 2618 812 2652 -⁶Psal.
831 2631 851 2657 ι,
866 2620 898 2658 4.
