<?xml version="1.0" encoding="UTF-8"?>
<!DOCTYPE html PUBLIC "-//W3C//DTD XHTML 1.0 Transitional//EN"
    "http://www.w3.org/TR/xhtml1/DTD/xhtml1-transitional.dtd">
<html xmlns="http://www.w3.org/1999/xhtml" xml:lang="en" lang="en">
 <head>
  <title>
</title>
<meta http-equiv="Content-Type" content="text/html;charset=utf-8" />
  <meta name='ocr-system' content='tesseract 3.04.00' />
  <meta name='ocr-capabilities' content='ocr_page ocr_carea ocr_par ocr_line ocrx_word'/>
</head>
<body>
  <div class='ocr_page' id='page_1' title='image "./omniaequaeextant02ambruoft_0410.png"; bbox 0 0 1780 3120; ppageno 0'>
   <div class='ocr_carea' id='block_1_1' title="bbox 372 278 1186 331">
    <p class='ocr_par' dir='ltr' id='par_1_1' title="bbox 372 278 1186 331">
     <span class='ocr_line' id='line_1_1' title="bbox 372 278 1186 331; baseline -0.012 -11"><span class='ocrx_word' id='word_1_1' title='bbox 372 278 457 331; x_wconf 72' lang='lat'><strong>40²</strong></span> <span class='ocrx_word' id='word_1_2' title='bbox 925 285 955 312; x_wconf 78' lang='lat' dir='ltr'><strong>s.</strong></span> <span class='ocrx_word' id='word_1_3' title='bbox 998 283 1186 313; x_wconf 68' lang='lat' dir='ltr'><strong>Annnosu</strong></span> 
     </span>
    </p>
   </div>
   <div class='ocr_carea' id='block_1_2' title="bbox 370 359 1775 2628">
    <p class='ocr_par' dir='ltr' id='par_1_2' title="bbox 370 359 1749 1053">
     <span class='ocr_line' id='line_1_2' title="bbox 371 359 1740 422; baseline -0.006 -8"><span class='ocrx_word' id='word_1_4' title='bbox 371 370 487 415; x_wconf 86' lang='lat' dir='ltr'><strong>bitor</strong></span> <span class='ocrx_word' id='word_1_5' title='bbox 501 374 564 411; x_wconf 89' lang='lat' dir='ltr'><strong>est</strong></span> <span class='ocrx_word' id='word_1_6' title='bbox 581 372 722 410; x_wconf 81' lang='lat' dir='ltr'><strong>autem</strong></span> <span class='ocrx_word' id='word_1_7' title='bbox 740 364 876 408; x_wconf 83' lang='lat' dir='ltr'><strong>omnis</strong></span> <span class='ocrx_word' id='word_1_8' title='bbox 888 362 961 422; x_wconf 89' lang='lat' dir='ltr'><strong>qui</strong></span> <span class='ocrx_word' id='word_1_9' title='bbox 978 362 1095 406; x_wconf 86' lang='lat' dir='ltr'><strong>audit</strong></span> <span class='ocrx_word' id='word_1_10' title='bbox 1113 361 1293 405; x_wconf 89' lang='lat' dir='ltr'><strong>verbum</strong></span> <span class='ocrx_word' id='word_1_11' title='bbox 1313 359 1432 420; x_wconf 82' lang='lat' dir='ltr'><strong>regni</strong></span> <span class='ocrx_word' id='word_1_12' title='bbox 1453 368 1498 404; x_wconf 87' lang='lat' dir='ltr'><strong>et</strong></span> <span class='ocrx_word' id='word_1_13' title='bbox 1512 375 1598 405; x_wconf 87' lang='lat' dir='ltr'><strong>non</strong></span> <span class='ocrx_word' id='word_1_14' title='bbox 1612 360 1740 406; x_wconf 86' lang='lat' dir='ltr'><strong>intel·-</strong></span> 
     </span>
     <span class='ocr_line' id='line_1_3' title="bbox 370 424 1742 499; baseline -0.007 -15"><span class='ocrx_word' id='word_1_15' title='bbox 370 439 492 499; x_wconf 87' lang='lat' dir='ltr'><strong>ligit:</strong></span> <span class='ocrx_word' id='word_1_16' title='bbox 515 436 631 482; x_wconf 87' lang='lat' dir='ltr'><strong>venit</strong></span> <span class='ocrx_word' id='word_1_17' title='bbox 652 437 811 490; x_wconf 87' lang='lat' dir='ltr'><strong>malus,</strong></span> <span class='ocrx_word' id='word_1_18' title='bbox 836 443 879 479; x_wconf 90' lang='lat' dir='ltr'><strong>et</strong></span> <span class='ocrx_word' id='word_1_19' title='bbox 903 433 1013 492; x_wconf 85' lang='lat' dir='ltr'>rapit</span> <span class='ocrx_word' id='word_1_20' title='bbox 1036 434 1151 491; x_wconf 91' lang='lat' dir='ltr'><strong>quod</strong></span> <span class='ocrx_word' id='word_1_21' title='bbox 1175 431 1428 476; x_wconf 86' lang='lat' dir='ltr'><strong>seminatum</strong></span> <span class='ocrx_word' id='word_1_22' title='bbox 1453 424 1518 475; x_wconf 82' lang='lat' dir='ltr'><strong>est</strong></span> <span class='ocrx_word' id='word_1_23' title='bbox 1543 431 1588 475; x_wconf 89' lang='lat' dir='ltr'><strong>in</strong></span> <span class='ocrx_word' id='word_1_24' title='bbox 1611 432 1742 476; x_wconf 83' lang='lat' dir='ltr'><strong>corde</strong></span> 
     </span>
     <span class='ocr_line' id='line_1_4' title="bbox 373 502 1743 570; baseline -0.006 -16"><span class='ocrx_word' id='word_1_25' title='bbox 373 510 518 570; x_wconf 85' lang='lat' dir='ltr'><strong>ipsius.</strong></span> <span class='ocrx_word' id='word_1_26' title='bbox 553 506 648 552; x_wconf 89' lang='lat' dir='ltr'><strong>Noli</strong></span> <span class='ocrx_word' id='word_1_27' title='bbox 670 521 770 565; x_wconf 87' lang='lat' dir='ltr'><strong>ergo</strong></span> <span class='ocrx_word' id='word_1_28' title='bbox 794 505 969 549; x_wconf 89' lang='lat' dir='ltr'><strong>introire</strong></span> <span class='ocrx_word' id='word_1_29' title='bbox 993 504 1036 547; x_wconf 90' lang='lat' dir='ltr'><strong>in</strong></span> <span class='ocrx_word' id='word_1_30' title='bbox 1057 506 1235 547; x_wconf 89' lang='lat' dir='ltr'><strong>domum</strong></span> <span class='ocrx_word' id='word_1_31' title='bbox 1257 503 1375 562; x_wconf 90' lang='lat' dir='ltr'><strong>ejus,</strong></span> <span class='ocrx_word' id='word_1_32' title='bbox 1391 511 1441 547; x_wconf 89' lang='lat' dir='ltr'><strong>ut</strong></span> <span class='ocrx_word' id='word_1_33' title='bbox 1462 503 1568 548; x_wconf 91' lang='lat' dir='ltr'><strong>illud</strong></span> <span class='ocrx_word' id='word_1_34' title='bbox 1589 502 1743 563; x_wconf 80' lang='lat' dir='ltr'><strong>pignus</strong></span> 
     </span>
     <span class='ocr_line' id='line_1_5' title="bbox 375 572 1744 640; baseline -0.006 -14"><span class='ocrx_word' id='word_1_35' title='bbox 375 580 570 640; x_wconf 82' lang='lat' dir='ltr'><strong>accipiaS.</strong></span> <span class='ocrx_word' id='word_1_36' title='bbox 597 577 669 624; x_wconf 84' lang='lat' dir='ltr'><strong>Vae</strong></span> <span class='ocrx_word' id='word_1_37' title='bbox 686 577 799 621; x_wconf 88' lang='lat' dir='ltr'><strong>enim</strong></span> <span class='ocrx_word' id='word_1_38' title='bbox 816 576 889 635; x_wconf 92' lang='lat' dir='ltr'><strong>qui</strong></span> <span class='ocrx_word' id='word_1_39' title='bbox 910 574 1256 620; x_wconf 82' lang='lat' dir='ltr'><strong>scandalizaverit</strong></span> <span class='ocrx_word' id='word_1_40' title='bbox 1274 590 1412 619; x_wconf 92' lang='lat' dir='ltr'><strong>unum</strong></span> <span class='ocrx_word' id='word_1_41' title='bbox 1428 573 1481 618; x_wconf 84' lang='lat' dir='ltr'><strong>de</strong></span> <span class='ocrx_word' id='word_1_42' title='bbox 1495 573 1658 633; x_wconf 79' lang='lat' dir='ltr'>pusillis</span> <span class='ocrx_word' id='word_1_43' title='bbox 1686 572 1744 618; x_wconf 80' lang='lat' dir='ltr'><strong>is-</strong></span> 
     </span>
     <span class='ocr_line' id='line_1_6' title="bbox 373 643 1744 705; baseline -0.006 -10"><span class='ocrx_word' id='word_1_44' title='bbox 373 651 428 696; x_wconf 88' lang='lat' dir='ltr'><strong>tis</strong></span> <span class='ocrx_word' id='word_1_45' title='bbox 448 652 458 694; x_wconf 72' lang='lat' dir='ltr'>I</span> <span class='ocrx_word' id='word_1_46' title='bbox 480 650 525 697; x_wconf 87' lang='lat' dir='ltr'><strong>Si</strong></span> <span class='ocrx_word' id='word_1_47' title='bbox 547 664 621 695; x_wconf 81' lang='lat' dir='ltr'><strong>sua</strong></span> <span class='ocrx_word' id='word_1_48' title='bbox 643 647 818 692; x_wconf 86' lang='lat' dir='ltr'><strong>stultitia</strong></span> <span class='ocrx_word' id='word_1_49' title='bbox 840 646 1027 691; x_wconf 86' lang='lat' dir='ltr'><strong>amiserit</strong></span> <span class='ocrx_word' id='word_1_50' title='bbox 1045 646 1199 705; x_wconf 87' lang='lat' dir='ltr'><strong>pignus</strong></span> <span class='ocrx_word' id='word_1_51' title='bbox 1221 661 1371 695; x_wconf 89' lang='lat' dir='ltr'><strong>suum,</strong></span> <span class='ocrx_word' id='word_1_52' title='bbox 1393 653 1442 689; x_wconf 93' lang='lat' dir='ltr'><strong>tu</strong></span> <span class='ocrx_word' id='word_1_53' title='bbox 1457 660 1544 690; x_wconf 87' lang='lat' dir='ltr'><strong>non</strong></span> <span class='ocrx_word' id='word_1_54' title='bbox 1565 643 1744 689; x_wconf 83' lang='lat' dir='ltr'><strong>habebis</strong></span> 
     </span>
     <span class='ocr_line' id='line_1_7' title="bbox 375 713 1746 776; baseline -0.007 -7"><span class='ocrx_word' id='word_1_55' title='bbox 375 722 593 769; x_wconf 85' lang='lat' dir='ltr'><strong>delictum.</strong></span> <span class='ocrx_word' id='word_1_56' title='bbox 617 718 662 763; x_wconf 90' lang='lat' dir='ltr'><strong>Si</strong></span> <span class='ocrx_word' id='word_1_57' title='bbox 684 725 825 762; x_wconf 85' lang='lat' dir='ltr'><strong>autem</strong></span> <span class='ocrx_word' id='word_1_58' title='bbox 841 732 1005 776; x_wconf 78' lang='lat' dir='ltr'>pauper</span> <span class='ocrx_word' id='word_1_59' title='bbox 1025 716 1174 767; x_wconf 86' lang='lat' dir='ltr'><strong>fuerit,</strong></span> <span class='ocrx_word' id='word_1_60' title='bbox 1205 717 1338 761; x_wconf 82' lang='lat' dir='ltr'>redde</span> <span class='ocrx_word' id='word_1_61' title='bbox 1356 717 1510 776; x_wconf 85' lang='lat' dir='ltr'><strong>pignus</strong></span> <span class='ocrx_word' id='word_1_62' title='bbox 1529 723 1627 760; x_wconf 78' lang='lat' dir='ltr'><strong>ante</strong></span> <span class='ocrx_word' id='word_1_63' title='bbox 1648 713 1746 759; x_wconf 79' lang='lat' dir='ltr'><strong>solis</strong></span> 
     </span>
     <span class='ocr_line' id='line_1_8' title="bbox 376 775 1748 849; baseline -0.004 -13"><span class='ocrx_word' id='word_1_64' title='bbox 376 806 600 836; x_wconf 84' lang='lat' dir='ltr'><strong>occasum:</strong></span> <span class='ocrx_word' id='word_1_65' title='bbox 624 790 778 849; x_wconf 86' lang='lat' dir='ltr'><strong>pignus</strong></span> <span class='ocrx_word' id='word_1_66' title='bbox 801 796 943 832; x_wconf 90' lang='lat' dir='ltr'><strong>autem</strong></span> <span class='ocrx_word' id='word_1_67' title='bbox 964 789 1266 832; x_wconf 89' lang='lat' dir='ltr'><strong>vestimentum</strong></span> <span class='ocrx_word' id='word_1_68' title='bbox 1283 796 1359 832; x_wconf 86' lang='lat' dir='ltr'><strong>est.</strong></span> <span class='ocrx_word' id='word_1_69' title='bbox 1386 787 1431 832; x_wconf 86' lang='lat' dir='ltr'><strong>Si</strong></span> <span class='ocrx_word' id='word_1_70' title='bbox 1447 775 1525 831; x_wconf 65' lang='lat' dir='ltr'><strong>sibi</strong></span> <span class='ocrx_word' id='word_1_71' title='bbox 1542 787 1659 832; x_wconf 83' lang='lat' dir='ltr'><strong>dives</strong></span> <span class='ocrx_word' id='word_1_72' title='bbox 1682 785 1748 830; x_wconf 83' lang='lat' dir='ltr'><strong>vi·-</strong></span> 
     </span>
     <span class='ocr_line' id='line_1_9' title="bbox 377 857 1749 921; baseline -0.006 -12"><span class='ocrx_word' id='word_1_73' title='bbox 377 866 525 913; x_wconf 87' lang='lat' dir='ltr'><strong>detur,</strong></span> <span class='ocrx_word' id='word_1_74' title='bbox 543 863 633 921; x_wconf 84' lang='lat' dir='ltr'><strong>ipse</strong></span> <span class='ocrx_word' id='word_1_75' title='bbox 649 876 693 904; x_wconf 90' lang='lat' dir='ltr'><strong>se</strong></span> <span class='ocrx_word' id='word_1_76' title='bbox 710 859 868 919; x_wconf 79' lang='lat' dir='ltr'><strong>decipit</strong></span> <span class='ocrx_word' id='word_1_77' title='bbox 883 893 894 911; x_wconf 82' lang='grc'><strong>,</strong></span> <span class='ocrx_word' id='word_1_78' title='bbox 914 859 948 903; x_wconf 91' lang='lat' dir='ltr'><strong>si</strong></span> <span class='ocrx_word' id='word_1_79' title='bbox 964 859 1116 919; x_wconf 86' lang='lat' dir='ltr'><strong>pignus</strong></span> <span class='ocrx_word' id='word_1_80' title='bbox 1136 858 1360 903; x_wconf 77' lang='lat' dir='ltr'><strong>tradiderit</strong></span> <span class='ocrx_word' id='word_1_81' title='bbox 1369 872 1493 903; x_wconf 89' lang='lat' dir='ltr'><strong>suum</strong></span> <span class='ocrx_word' id='word_1_82' title='bbox 1514 873 1525 902; x_wconf 91' lang='lat'>:</span> <span class='ocrx_word' id='word_1_83' title='bbox 1549 857 1586 902; x_wconf 83' lang='lat' dir='ltr'><strong>si</strong></span> <span class='ocrx_word' id='word_1_84' title='bbox 1606 864 1749 901; x_wconf 79' lang='lat' dir='ltr'><strong>autem</strong></span> 
     </span>
     <span class='ocr_line' id='line_1_10' title="bbox 374 928 1748 996; baseline -0.005 -16"><span class='ocrx_word' id='word_1_85' title='bbox 374 949 539 996; x_wconf 79' lang='lat' dir='ltr'><strong>pauper</strong></span> <span class='ocrx_word' id='word_1_86' title='bbox 559 933 734 992; x_wconf 87' lang='lat' dir='ltr'><strong>quinon</strong></span> <span class='ocrx_word' id='word_1_87' title='bbox 748 931 903 975; x_wconf 86' lang='lat' dir='ltr'><strong>haheat</strong></span> <span class='ocrx_word' id='word_1_88' title='bbox 919 931 1068 974; x_wconf 88' lang='lat' dir='ltr'><strong>divitas</strong></span> <span class='ocrx_word' id='word_1_89' title='bbox 1089 931 1283 991; x_wconf 86' lang='lat' dir='ltr'><strong>spiritus,</strong></span> <span class='ocrx_word' id='word_1_90' title='bbox 1306 931 1439 974; x_wconf 80' lang='lat' dir='ltr'><strong>redde</strong></span> <span class='ocrx_word' id='word_1_91' title='bbox 1454 929 1514 974; x_wconf 87' lang='lat' dir='ltr'><strong>illi</strong></span> <span class='ocrx_word' id='word_1_92' title='bbox 1525 928 1748 974; x_wconf 76' lang='lat' dir='ltr'><strong>vestimen</strong></span> 
     </span>
     <span class='ocr_line' id='line_1_11' title="bbox 377 1002 1076 1053; baseline -0.012 0"><span class='ocrx_word' id='word_1_93' title='bbox 377 1015 470 1053; x_wconf 87' lang='lat' dir='ltr'><strong>tum</strong></span> <span class='ocrx_word' id='word_1_94' title='bbox 487 1019 611 1051; x_wconf 89' lang='lat' dir='ltr'><strong>suum</strong></span> <span class='ocrx_word' id='word_1_95' title='bbox 624 1012 721 1051; x_wconf 85' lang='lat' dir='ltr'><strong>ante</strong></span> <span class='ocrx_word' id='word_1_96' title='bbox 742 1002 840 1046; x_wconf 85' lang='lat' dir='ltr'><strong>solis</strong></span> <span class='ocrx_word' id='word_1_97' title='bbox 860 1017 1076 1046; x_wconf 84' lang='lat' dir='ltr'><strong>occasum.</strong></span> 
     </span>
    </p>

    <p class='ocr_par' dir='ltr' id='par_1_3' title="bbox 374 1068 1769 1633">
     <span class='ocr_line' id='line_1_12' title="bbox 436 1068 1750 1134; baseline -0.006 -12"><span class='ocrx_word' id='word_1_98' title='bbox 436 1075 614 1122; x_wconf 92' lang='lat' dir='ltr'>LXXII.</span> <span class='ocrx_word' id='word_1_99' title='bbox 636 1074 682 1118; x_wconf 90' lang='lat' dir='ltr'><strong>Si</strong></span> <span class='ocrx_word' id='word_1_100' title='bbox 697 1075 750 1118; x_wconf 89' lang='lat' dir='ltr'><strong>de</strong></span> <span class='ocrx_word' id='word_1_101' title='bbox 771 1074 982 1133; x_wconf 83' lang='lat' dir='ltr'><strong>corporali</strong></span> <span class='ocrx_word' id='word_1_102' title='bbox 1006 1082 1202 1133; x_wconf 82' lang='lat' dir='ltr'><strong>ageretur</strong></span> <span class='ocrx_word' id='word_1_103' title='bbox 1218 1073 1422 1134; x_wconf 78' lang='lat' dir='ltr'><strong>pignore,</strong></span> <span class='ocrx_word' id='word_1_104' title='bbox 1449 1072 1598 1131; x_wconf 81' lang='lat' dir='ltr'><strong>utique</strong></span> <span class='ocrx_word' id='word_1_105' title='bbox 1615 1068 1750 1130; x_wconf 80' lang='lat' dir='ltr'><strong>magis</strong></span> 
     </span>
     <span class='ocr_line' id='line_1_13' title="bbox 374 1142 1769 1226; baseline -0.005 -33"><span class='ocrx_word' id='word_1_106' title='bbox 374 1164 455 1209; x_wconf 88' lang='lat' dir='ltr'><strong>per</strong></span> <span class='ocrx_word' id='word_1_107' title='bbox 468 1148 581 1193; x_wconf 87' lang='lat' dir='ltr'><strong>diem</strong></span> <span class='ocrx_word' id='word_1_108' title='bbox 591 1146 858 1190; x_wconf 88' lang='lat' dir='ltr'><strong>reddendum</strong></span> <span class='ocrx_word' id='word_1_109' title='bbox 865 1145 961 1197; x_wconf 87' lang='lat' dir='ltr'><strong>fuit,</strong></span> <span class='ocrx_word' id='word_1_110' title='bbox 975 1145 1260 1226; x_wconf 87' lang='lat' dir='ltr'><strong>neturpitudo</strong></span> <span class='ocrx_word' id='word_1_111' title='bbox 1269 1144 1374 1189; x_wconf 87' lang='lat' dir='ltr'><strong>nudi</strong></span> <span class='ocrx_word' id='word_1_112' title='bbox 1391 1143 1580 1204; x_wconf 76' lang='lat' dir='ltr'><strong>corporis</strong></span> <span class='ocrx_word' id='word_1_113' title='bbox 1595 1142 1750 1187; x_wconf 86' lang='lat' dir='ltr'><strong>diurno</strong></span> <span class='ocrx_word' id='word_1_114' title='bbox 1767 1177 1769 1179; x_wconf 26' lang='grc' dir='ltr'>ψ</span> 
     </span>
     <span class='ocr_line' id='line_1_14' title="bbox 376 1211 1751 1278; baseline -0.006 -14"><span class='ocrx_word' id='word_1_115' title='bbox 376 1220 540 1265; x_wconf 87' lang='lat' dir='ltr'><strong>lumine</strong></span> <span class='ocrx_word' id='word_1_116' title='bbox 560 1218 837 1278; x_wconf 88' lang='lat' dir='ltr'><strong>proderetur;</strong></span> <span class='ocrx_word' id='word_1_117' title='bbox 855 1217 1043 1260; x_wconf 86' lang='lat' dir='ltr'><strong>tenebrae</strong></span> <span class='ocrx_word' id='word_1_118' title='bbox 1058 1216 1173 1260; x_wconf 90' lang='lat' dir='ltr'><strong>enim</strong></span> <span class='ocrx_word' id='word_1_119' title='bbox 1188 1218 1354 1261; x_wconf 92' lang='lat' dir='ltr'><strong>nudum</strong></span> <span class='ocrx_word' id='word_1_120' title='bbox 1369 1231 1455 1259; x_wconf 87' lang='lat' dir='ltr'><strong>non</strong></span> <span class='ocrx_word' id='word_1_121' title='bbox 1467 1215 1669 1275; x_wconf 86' lang='lat' dir='ltr'><strong>produnt.</strong></span> <span class='ocrx_word' id='word_1_122' title='bbox 1685 1211 1751 1256; x_wconf 87' lang='lat' dir='ltr'><strong>Ac</strong></span> 
     </span>
     <span class='ocr_line' id='line_1_15' title="bbox 378 1283 1752 1348; baseline -0.007 -12"><span class='ocrx_word' id='word_1_123' title='bbox 378 1292 413 1337; x_wconf 91' lang='lat' dir='ltr'><strong>si</strong></span> <span class='ocrx_word' id='word_1_124' title='bbox 431 1291 512 1335; x_wconf 87' lang='lat' dir='ltr'><strong>hoc</strong></span> <span class='ocrx_word' id='word_1_125' title='bbox 527 1297 719 1335; x_wconf 87' lang='lat' dir='ltr'><strong>moveret</strong></span> <span class='ocrx_word' id='word_1_126' title='bbox 739 1289 855 1348; x_wconf 92' lang='lat' dir='ltr'><strong>quod</strong></span> <span class='ocrx_word' id='word_1_127' title='bbox 874 1304 961 1332; x_wconf 91' lang='lat' dir='ltr'><strong>non</strong></span> <span class='ocrx_word' id='word_1_128' title='bbox 991 1289 1170 1332; x_wconf 86' lang='lat' dir='ltr'><strong>haberet</strong></span> <span class='ocrx_word' id='word_1_129' title='bbox 1202 1303 1387 1347; x_wconf 86' lang='lat' dir='ltr'><strong>pauper,</strong></span> <span class='ocrx_word' id='word_1_130' title='bbox 1411 1302 1497 1346; x_wconf 90' lang='lat' dir='ltr'><strong>quo</strong></span> <span class='ocrx_word' id='word_1_131' title='bbox 1536 1283 1752 1335; x_wconf 88' lang='lat' dir='ltr'><strong>dormiens</strong></span> 
     </span>
     <span class='ocr_line' id='line_1_16' title="bbox 376 1356 1753 1421; baseline -0.004 -16"><span class='ocrx_word' id='word_1_132' title='bbox 376 1362 462 1421; x_wconf 81' lang='lat' dir='ltr'><strong>tegi</strong></span> <span class='ocrx_word' id='word_1_133' title='bbox 498 1369 664 1420; x_wconf 84' lang='lat' dir='ltr'><strong>posset,</strong></span> <span class='ocrx_word' id='word_1_134' title='bbox 692 1360 840 1418; x_wconf 85' lang='lat' dir='ltr'><strong>utique</strong></span> <span class='ocrx_word' id='word_1_135' title='bbox 875 1368 948 1403; x_wconf 88' lang='lat' dir='ltr'><strong>aut</strong></span> <span class='ocrx_word' id='word_1_136' title='bbox 980 1360 1216 1418; x_wconf 83' lang='lat' dir='ltr'><strong>stragulum</strong></span> <span class='ocrx_word' id='word_1_137' title='bbox 1237 1366 1312 1402; x_wconf 84' lang='lat' dir='ltr'><strong>aut</strong></span> <span class='ocrx_word' id='word_1_138' title='bbox 1349 1358 1555 1402; x_wconf 79' lang='lat' dir='ltr'><strong>amictum</strong></span> <span class='ocrx_word' id='word_1_139' title='bbox 1589 1356 1753 1400; x_wconf 86' lang='lat' dir='ltr'><strong>diceret</strong></span> 
     </span>
     <span class='ocr_line' id='line_1_17' title="bbox 377 1428 1753 1479; baseline -0.004 -4"><span class='ocrx_word' id='word_1_140' title='bbox 377 1447 468 1476; x_wconf 90' lang='lat' dir='ltr'><strong>esse</strong></span> <span class='ocrx_word' id='word_1_141' title='bbox 491 1431 771 1474; x_wconf 88' lang='lat' dir='ltr'><strong>reddendum.</strong></span> <span class='ocrx_word' id='word_1_142' title='bbox 801 1429 924 1474; x_wconf 90' lang='lat' dir='ltr'><strong>Nunc</strong></span> <span class='ocrx_word' id='word_1_143' title='bbox 948 1437 1090 1472; x_wconf 86' lang='lat' dir='ltr'><strong>autem</strong></span> <span class='ocrx_word' id='word_1_144' title='bbox 1115 1429 1299 1473; x_wconf 86' lang='lat' dir='ltr'><strong>dicendo</strong></span> <span class='ocrx_word' id='word_1_145' title='bbox 1320 1428 1645 1479; x_wconf 86' lang='lat' dir='ltr'><strong>vestimentum,</strong></span> <span class='ocrx_word' id='word_1_146' title='bbox 1681 1434 1753 1470; x_wconf 88' lang='lat' dir='ltr'><strong>tu-</strong></span> 
     </span>
     <span class='ocr_line' id='line_1_18' title="bbox 375 1495 1754 1562; baseline -0.007 -12"><span class='ocrx_word' id='word_1_147' title='bbox 375 1503 518 1550; x_wconf 85' lang='lat' dir='ltr'><strong>nicam</strong></span> <span class='ocrx_word' id='word_1_148' title='bbox 533 1501 667 1562; x_wconf 83' lang='lat' dir='ltr'><strong>magis</strong></span> <span class='ocrx_word' id='word_1_149' title='bbox 689 1498 899 1559; x_wconf 85' lang='lat' dir='ltr'><strong>signifieat</strong></span> <span class='ocrx_word' id='word_1_150' title='bbox 913 1515 997 1558; x_wconf 86' lang='lat' dir='ltr'><strong>qua</strong></span> <span class='ocrx_word' id='word_1_151' title='bbox 1008 1499 1227 1543; x_wconf 86' lang='lat' dir='ltr'><strong>induimur</strong></span> <span class='ocrx_word' id='word_1_152' title='bbox 1237 1509 1364 1558; x_wconf 85' lang='lat' dir='ltr'><strong>atque</strong></span> <span class='ocrx_word' id='word_1_153' title='bbox 1375 1499 1594 1543; x_wconf 71' lang='lat' dir='ltr'><strong>vestimur.</strong></span> <span class='ocrx_word' id='word_1_154' title='bbox 1605 1495 1754 1543; x_wconf 81' lang='lat' dir='ltr'><strong>Redde</strong></span> 
     </span>
     <span class='ocr_line' id='line_1_19' title="bbox 375 1569 1617 1633; baseline -0.006 -13"><span class='ocrx_word' id='word_1_155' title='bbox 375 1588 477 1633; x_wconf 80' lang='lat' dir='ltr'><strong>ergo</strong></span> <span class='ocrx_word' id='word_1_156' title='bbox 497 1571 675 1631; x_wconf 82' lang='lat' dir='ltr'><strong>pauperi</strong></span> <span class='ocrx_word' id='word_1_157' title='bbox 694 1571 884 1615; x_wconf 86' lang='lat' dir='ltr'><strong>tunicam</strong></span> <span class='ocrx_word' id='word_1_158' title='bbox 906 1586 1048 1620; x_wconf 90' lang='lat' dir='ltr'><strong>suam,</strong></span> <span class='ocrx_word' id='word_1_159' title='bbox 1072 1578 1120 1613; x_wconf 90' lang='lat' dir='ltr'><strong>ut</strong></span> <span class='ocrx_word' id='word_1_160' title='bbox 1134 1570 1319 1625; x_wconf 79' lang='lat' dir='ltr'><strong>dormiat</strong></span> <span class='ocrx_word' id='word_1_161' title='bbox 1334 1570 1379 1614; x_wconf 85' lang='lat' dir='ltr'><strong>in</strong></span> <span class='ocrx_word' id='word_1_162' title='bbox 1399 1584 1454 1613; x_wconf 64' lang='lat' dir='ltr'><strong>ear</strong></span> <span class='ocrx_word' id='word_1_163' title='bbox 1468 1569 1617 1615; x_wconf 81' lang='lat' dir='ltr'><strong>noctu.</strong></span> 
     </span>
    </p>

    <p class='ocr_par' dir='ltr' id='par_1_4' title="bbox 376 1638 1775 2628">
     <span class='ocr_line' id='line_1_20' title="bbox 437 1638 1750 1701; baseline -0.005 -12"><span class='ocrx_word' id='word_1_164' title='bbox 437 1642 638 1689; x_wconf 85' lang='lat' dir='ltr'>LXXIII.</span> <span class='ocrx_word' id='word_1_165' title='bbox 661 1641 811 1686; x_wconf 90' lang='lat' dir='ltr'><strong>Nonne</strong></span> <span class='ocrx_word' id='word_1_166' title='bbox 831 1640 911 1684; x_wconf 90' lang='lat' dir='ltr'><strong>tibi</strong></span> <span class='ocrx_word' id='word_1_167' title='bbox 926 1641 1094 1684; x_wconf 88' lang='lat' dir='ltr'><strong>videtur</strong></span> <span class='ocrx_word' id='word_1_168' title='bbox 1115 1641 1236 1684; x_wconf 90' lang='lat' dir='ltr'><strong>illum</strong></span> <span class='ocrx_word' id='word_1_169' title='bbox 1248 1647 1483 1701; x_wconf 71' lang='lat' dir='ltr'><strong>pauperem</strong></span> <span class='ocrx_word' id='word_1_170' title='bbox 1495 1638 1750 1700; x_wconf 73' lang='lat' dir='ltr'><strong>significare,</strong></span> 
     </span>
     <span class='ocr_line' id='line_1_21' title="bbox 379 1711 1754 1774; baseline -0.003 -16"><span class='ocrx_word' id='word_1_171' title='bbox 379 1714 454 1774; x_wconf 89' lang='lat' dir='ltr'><strong>qui</strong></span> <span class='ocrx_word' id='word_1_172' title='bbox 475 1729 576 1758; x_wconf 83' lang='lat' dir='ltr'><strong>eum</strong></span> <span class='ocrx_word' id='word_1_173' title='bbox 594 1711 740 1757; x_wconf 85' lang='lat' dir='ltr'><strong>tunica</strong></span> <span class='ocrx_word' id='word_1_174' title='bbox 755 1728 840 1755; x_wconf 89' lang='lat' dir='ltr'><strong>una</strong></span> <span class='ocrx_word' id='word_1_175' title='bbox 859 1712 1036 1770; x_wconf 87' lang='lat' dir='ltr'><strong>jubetur</strong></span> <span class='ocrx_word' id='word_1_176' title='bbox 1050 1713 1273 1772; x_wconf 85' lang='lat' dir='ltr'><strong>pergere¹,</strong></span> <span class='ocrx_word' id='word_1_177' title='bbox 1302 1715 1480 1758; x_wconf 71' lang='lat' dir='ltr'><strong>alteram</strong></span> <span class='ocrx_word' id='word_1_178' title='bbox 1503 1711 1754 1771; x_wconf 74' lang='lat' dir='ltr'><strong>honr-equi-</strong></span> 
     </span>
     <span class='ocr_line' id='line_1_22' title="bbox 376 1781 1755 1843; baseline -0.004 -12"><span class='ocrx_word' id='word_1_179' title='bbox 376 1801 501 1835; x_wconf 83' lang='lat' dir='ltr'><strong>rere,</strong></span> <span class='ocrx_word' id='word_1_180' title='bbox 538 1783 716 1827; x_wconf 82' lang='lat' dir='ltr'><strong>emissus</strong></span> <span class='ocrx_word' id='word_1_181' title='bbox 747 1798 772 1826; x_wconf 87' lang='lat' dir='ltr'><strong>a</strong></span> <span class='ocrx_word' id='word_1_182' title='bbox 806 1781 976 1827; x_wconf 84' lang='lat' dir='ltr'><strong>Christo</strong></span> <span class='ocrx_word' id='word_1_183' title='bbox 1010 1785 1063 1827; x_wconf 83' lang='lat' dir='ltr'><strong>ad</strong></span> <span class='ocrx_word' id='word_1_184' title='bbox 1092 1784 1371 1843; x_wconf 86' lang='lat' dir='ltr'><strong>Evangelium</strong></span> <span class='ocrx_word' id='word_1_185' title='bbox 1400 1783 1755 1843; x_wconf 69' lang='lat' dir='ltr'><strong>praedicandum?</strong></span> 
     </span>
     <span class='ocr_line' id='line_1_23' title="bbox 379 1853 1756 1916; baseline -0.002 -15"><span class='ocrx_word' id='word_1_186' title='bbox 379 1857 476 1916; x_wconf 86' lang='lat' dir='ltr'><strong>Ipse</strong></span> <span class='ocrx_word' id='word_1_187' title='bbox 492 1862 556 1899; x_wconf 83' lang='lat' dir='ltr'><strong>est</strong></span> <span class='ocrx_word' id='word_1_188' title='bbox 576 1853 690 1898; x_wconf 91' lang='lat' dir='ltr'><strong>enim</strong></span> <span class='ocrx_word' id='word_1_189' title='bbox 710 1869 874 1913; x_wconf 85' lang='lat' dir='ltr'><strong>pauper</strong></span> <span class='ocrx_word' id='word_1_190' title='bbox 889 1854 1040 1913; x_wconf 88' lang='lat' dir='ltr'><strong>spiritu</strong></span> <span class='ocrx_word' id='word_1_191' title='bbox 1059 1886 1071 1906; x_wconf 87' lang='lat'><strong><em>,</em></strong></span> <span class='ocrx_word' id='word_1_192' title='bbox 1096 1855 1168 1913; x_wconf 93' lang='lat' dir='ltr'><strong>qui</strong></span> <span class='ocrx_word' id='word_1_193' title='bbox 1195 1856 1382 1905; x_wconf 84' lang='lat' dir='ltr'><strong>dormire</strong></span> <span class='ocrx_word' id='word_1_194' title='bbox 1395 1855 1528 1914; x_wconf 82' lang='lat' dir='ltr'><strong>possit</strong></span> <span class='ocrx_word' id='word_1_195' title='bbox 1546 1870 1558 1898; x_wconf 73' lang='grc' dir='ltr'><strong><em>ε</em></strong></span> <span class='ocrx_word' id='word_1_196' title='bbox 1576 1869 1678 1902; x_wconf 82' lang='lat' dir='ltr'><strong>nam</strong></span> <span class='ocrx_word' id='word_1_197' title='bbox 1695 1869 1756 1898; x_wconf 79' lang='lat' dir='ltr'><strong>sa-</strong></span> 
     </span>
     <span class='ocr_line' id='line_1_24' title="bbox 380 1924 1755 1982; baseline -0.001 -11"><span class='ocrx_word' id='word_1_198' title='bbox 380 1927 485 1972; x_wconf 77' lang='lat' dir='ltr'><strong>tiato</strong></span> <span class='ocrx_word' id='word_1_199' title='bbox 507 1924 660 1970; x_wconf 83' lang='lat' dir='ltr'><strong>divitiis</strong></span> <span class='ocrx_word' id='word_1_200' title='bbox 674 1957 686 1975; x_wconf 90' lang='lat'><strong><em>,</em></strong></span> <span class='ocrx_word' id='word_1_201' title='bbox 700 1939 788 1968; x_wconf 87' lang='lat' dir='ltr'><strong>non</strong></span> <span class='ocrx_word' id='word_1_202' title='bbox 808 1932 872 1967; x_wconf 89' lang='lat' dir='ltr'><strong>est</strong></span> <span class='ocrx_word' id='word_1_203' title='bbox 888 1924 962 1982; x_wconf 90' lang='lat' dir='ltr'><strong>qui</strong></span> <span class='ocrx_word' id='word_1_204' title='bbox 981 1925 1092 1968; x_wconf 87' lang='lat' dir='ltr'><strong>sinat</strong></span> <span class='ocrx_word' id='word_1_205' title='bbox 1112 1930 1212 1968; x_wconf 74' lang='lat' dir='ltr'><strong>esim</strong></span> <span class='ocrx_word' id='word_1_206' title='bbox 1235 1925 1435 1970; x_wconf 83' lang='lat' dir='ltr'><strong>dormire.</strong></span> <span class='ocrx_word' id='word_1_207' title='bbox 1455 1925 1623 1969; x_wconf 80' lang='lat' dir='ltr'><strong>Dormit</strong></span> <span class='ocrx_word' id='word_1_208' title='bbox 1639 1924 1755 1973; x_wconf 78' lang='lat' dir='ltr'><strong>enIm</strong></span> 
     </span>
     <span class='ocr_line' id='line_1_25' title="bbox 377 1995 1755 2060; baseline 0 -20"><span class='ocrx_word' id='word_1_209' title='bbox 377 2011 543 2060; x_wconf 86' lang='lat' dir='ltr'><strong>pauper</strong></span> <span class='ocrx_word' id='word_1_210' title='bbox 563 2009 762 2039; x_wconf 86' lang='lat' dir='ltr'><strong>somnum</strong></span> <span class='ocrx_word' id='word_1_211' title='bbox 792 1995 1141 2049; x_wconf 83' lang='lat' dir='ltr'><strong>resurrectionis,</strong></span> <span class='ocrx_word' id='word_1_212' title='bbox 1166 2011 1295 2054; x_wconf 86' lang='lat' dir='ltr'><strong>quem</strong></span> <span class='ocrx_word' id='word_1_213' title='bbox 1318 1996 1436 2046; x_wconf 77' lang='lat' dir='ltr'><strong>dives</strong></span> <span class='ocrx_word' id='word_1_214' title='bbox 1460 1995 1649 2040; x_wconf 72' lang='lat' dir='ltr'><strong>dormire</strong></span> <span class='ocrx_word' id='word_1_215' title='bbox 1667 2010 1755 2040; x_wconf 81' lang='lat' dir='ltr'><strong>non</strong></span> 
     </span>
     <span class='ocr_line' id='line_1_26' title="bbox 378 2064 1756 2127; baseline -0.001 -16"><span class='ocrx_word' id='word_1_216' title='bbox 378 2075 546 2127; x_wconf 82' lang='lat' dir='ltr'><strong>potest,</strong></span> <span class='ocrx_word' id='word_1_217' title='bbox 574 2065 672 2124; x_wconf 82' lang='lat' dir='ltr'><strong>quia</strong></span> <span class='ocrx_word' id='word_1_218' title='bbox 711 2064 865 2108; x_wconf 88' lang='lat' dir='ltr'><strong>divitiis</strong></span> <span class='ocrx_word' id='word_1_219' title='bbox 898 2073 941 2110; x_wconf 86' lang='lat' dir='ltr'><strong>et</strong></span> <span class='ocrx_word' id='word_1_220' title='bbox 967 2066 1258 2125; x_wconf 85' lang='lat' dir='ltr'><strong>voluptatibus</strong></span> <span class='ocrx_word' id='word_1_221' title='bbox 1294 2065 1543 2110; x_wconf 80' lang='lat' dir='ltr'><strong>suffocatur.</strong></span> <span class='ocrx_word' id='word_1_222' title='bbox 1577 2065 1756 2111; x_wconf 75' lang='lat' dir='ltr'><strong>Ddrmit</strong></span> 
     </span>
     <span class='ocr_line' id='line_1_27' title="bbox 383 2134 1756 2196; baseline -0.001 -13"><span class='ocrx_word' id='word_1_223' title='bbox 383 2137 543 2183; x_wconf 81' lang='lat' dir='ltr'><strong>Christi</strong></span> <span class='ocrx_word' id='word_1_224' title='bbox 559 2136 745 2195; x_wconf 89' lang='lat' dir='ltr'><strong>quietem</strong></span> <span class='ocrx_word' id='word_1_225' title='bbox 767 2134 972 2179; x_wconf 89' lang='lat' dir='ltr'><strong>dicentis:</strong></span> <span class='ocrx_word' id='word_1_226' title='bbox 985 2153 1003 2177; x_wconf 73' lang='lat' dir='ltr'><strong>a</strong></span> <span class='ocrx_word' id='word_1_227' title='bbox 1024 2136 1113 2195; x_wconf 83' lang='lat' dir='ltr'><strong>Ego</strong></span> <span class='ocrx_word' id='word_1_228' title='bbox 1139 2136 1318 2181; x_wconf 87' lang='lat' dir='ltr'><strong>dormivi</strong></span> <span class='ocrx_word' id='word_1_229' title='bbox 1339 2145 1384 2180; x_wconf 90' lang='lat' dir='ltr'><strong>et</strong></span> <span class='ocrx_word' id='word_1_230' title='bbox 1404 2135 1571 2196; x_wconf 86' lang='lat' dir='ltr'><strong>quievi,</strong></span> <span class='ocrx_word' id='word_1_231' title='bbox 1594 2143 1639 2179; x_wconf 84' lang='lat' dir='ltr'><strong>et</strong></span> <span class='ocrx_word' id='word_1_232' title='bbox 1659 2150 1756 2182; x_wconf 81' lang='lat' dir='ltr'><strong>sur-</strong></span> 
     </span>
     <span class='ocr_line' id='line_1_28' title="bbox 380 2205 1754 2267; baseline -0.004 -13"><span class='ocrx_word' id='word_1_233' title='bbox 380 2228 402 2254; x_wconf 67' lang='lat' dir='ltr'><strong>r</strong></span> <span class='ocrx_word' id='word_1_234' title='bbox 415 2207 530 2253; x_wconf 83' lang='lat' dir='ltr'><strong>rexi²</strong></span> <span class='ocrx_word' id='word_1_235' title='bbox 535 2226 586 2252; x_wconf 80' lang='lat'><strong>.»</strong></span> <span class='ocrx_word' id='word_1_236' title='bbox 599 2207 699 2252; x_wconf 85' lang='lat' dir='ltr'><strong>Haec</strong></span> <span class='ocrx_word' id='word_1_237' title='bbox 729 2215 793 2250; x_wconf 91' lang='lat' dir='ltr'><strong>est</strong></span> <span class='ocrx_word' id='word_1_238' title='bbox 824 2206 970 2251; x_wconf 85' lang='lat' dir='ltr'><strong>tunica</strong></span> <span class='ocrx_word' id='word_1_239' title='bbox 989 2207 1061 2251; x_wconf 87' lang='lat' dir='ltr'><strong>illa</strong></span> <span class='ocrx_word' id='word_1_240' title='bbox 1083 2208 1266 2267; x_wconf 87' lang='lat' dir='ltr'><strong>desuper</strong></span> <span class='ocrx_word' id='word_1_241' title='bbox 1286 2215 1407 2252; x_wconf 85' lang='lat' dir='ltr'><strong>texta</strong></span> <span class='ocrx_word' id='word_1_242' title='bbox 1419 2222 1503 2266; x_wconf 76' lang='lat' dir='ltr'><strong>qua</strong></span> <span class='ocrx_word' id='word_1_243' title='bbox 1516 2213 1611 2252; x_wconf 74' lang='lat' dir='ltr'><strong>erat</strong></span> <span class='ocrx_word' id='word_1_244' title='bbox 1628 2205 1754 2251; x_wconf 82' lang='lat' dir='ltr'><strong>indu-</strong></span> 
     </span>
     <span class='ocr_line' id='line_1_29' title="bbox 379 2277 1775 2338; baseline -0.002 -13"><span class='ocrx_word' id='word_1_245' title='bbox 379 2290 451 2325; x_wconf 74' lang='lat' dir='ltr'><strong>tus</strong></span> <span class='ocrx_word' id='word_1_246' title='bbox 468 2278 661 2323; x_wconf 87' lang='lat' dir='ltr'><strong>Christus</strong></span> <span class='ocrx_word' id='word_1_247' title='bbox 675 2311 688 2329; x_wconf 90' lang='lat'><strong><em>,</em></strong></span> <span class='ocrx_word' id='word_1_248' title='bbox 706 2293 836 2336; x_wconf 87' lang='lat' dir='ltr'><strong>quam</strong></span> <span class='ocrx_word' id='word_1_249' title='bbox 846 2278 1040 2322; x_wconf 83' lang='lat' dir='ltr'><strong>scindere</strong></span> <span class='ocrx_word' id='word_1_250' title='bbox 1049 2294 1135 2322; x_wconf 91' lang='lat' dir='ltr'><strong>non</strong></span> <span class='ocrx_word' id='word_1_251' title='bbox 1152 2286 1387 2338; x_wconf 84' lang='lat' dir='ltr'><strong>potuerunt</strong></span> <span class='ocrx_word' id='word_1_252' title='bbox 1399 2278 1460 2323; x_wconf 82' lang='lat' dir='ltr'><strong>illi</strong></span> <span class='ocrx_word' id='word_1_253' title='bbox 1478 2277 1635 2324; x_wconf 68' lang='lat' dir='ltr'><strong>milites</strong></span> <span class='ocrx_word' id='word_1_254' title='bbox 1648 2293 1756 2337; x_wconf 76' lang='lat' dir='ltr'><strong>quos</strong></span> <span class='ocrx_word' id='word_1_255' title='bbox 1768 2308 1775 2311; x_wconf 83' lang='lat'><strong>·-</strong></span> 
     </span>
     <span class='ocr_line' id='line_1_30' title="bbox 383 2347 1752 2411; baseline -0.003 -15"><span class='ocrx_word' id='word_1_256' title='bbox 383 2349 589 2411; x_wconf 79' lang='lat' dir='ltr'><strong>agnoscis.</strong></span> <span class='ocrx_word' id='word_1_257' title='bbox 616 2347 764 2393; x_wconf 81' lang='lat' dir='ltr'><strong>Nullus</strong></span> <span class='ocrx_word' id='word_1_258' title='bbox 780 2348 896 2392; x_wconf 91' lang='lat' dir='ltr'><strong>enim</strong></span> <span class='ocrx_word' id='word_1_259' title='bbox 917 2364 1068 2393; x_wconf 89' lang='lat' dir='ltr'><strong>eorum</strong></span> <span class='ocrx_word' id='word_1_260' title='bbox 1080 2349 1383 2394; x_wconf 85' lang='lat' dir='ltr'><strong>vestimentum</strong></span> <span class='ocrx_word' id='word_1_261' title='bbox 1399 2349 1558 2394; x_wconf 76' lang='lat' dir='ltr'><strong>Christi</strong></span> <span class='ocrx_word' id='word_1_262' title='bbox 1578 2349 1752 2401; x_wconf 67' lang='lat' dir='ltr'><strong>seindit‚</strong></span> 
     </span>
     <span class='ocr_line' id='line_1_31' title="bbox 383 2417 1754 2480; baseline -0.001 -14"><span class='ocrx_word' id='word_1_263' title='bbox 383 2424 462 2467; x_wconf 85' lang='lat' dir='ltr'><strong>sed</strong></span> <span class='ocrx_word' id='word_1_264' title='bbox 491 2419 661 2470; x_wconf 81' lang='lat' dir='ltr'><strong>dividit,</strong></span> <span class='ocrx_word' id='word_1_265' title='bbox 690 2419 800 2463; x_wconf 88' lang='lat' dir='ltr'><strong>sicut</strong></span> <span class='ocrx_word' id='word_1_266' title='bbox 830 2420 1038 2480; x_wconf 87' lang='lat' dir='ltr'><strong>scriptum</strong></span> <span class='ocrx_word' id='word_1_267' title='bbox 1060 2429 1154 2466; x_wconf 83' lang='lat' dir='ltr'><strong>est:</strong></span> <span class='ocrx_word' id='word_1_268' title='bbox 1177 2438 1194 2462; x_wconf 77' lang='grc' dir='ltr'><strong>α</strong></span> <span class='ocrx_word' id='word_1_269' title='bbox 1221 2421 1468 2466; x_wconf 82' lang='lat' dir='ltr'><strong>Diviserunt</strong></span> <span class='ocrx_word' id='word_1_270' title='bbox 1484 2440 1485 2443; x_wconf 42' lang='lat'>¹</span> <span class='ocrx_word' id='word_1_271' title='bbox 1502 2417 1754 2470; x_wconf 74' lang='lat' dir='ltr'><strong>vestimenta</strong></span> 
     </span>
     <span class='ocr_line' id='line_1_32' title="bbox 382 2490 1756 2549; baseline 0 -11"><span class='ocrx_word' id='word_1_272' title='bbox 382 2507 510 2538; x_wconf 69' lang='lat' dir='ltr'><strong>»mea</strong></span> <span class='ocrx_word' id='word_1_273' title='bbox 526 2490 628 2542; x_wconf 80' lang='lat' dir='ltr'><strong>sihi,</strong></span> <span class='ocrx_word' id='word_1_274' title='bbox 650 2499 693 2535; x_wconf 88' lang='lat' dir='ltr'><strong>et</strong></span> <span class='ocrx_word' id='word_1_275' title='bbox 714 2506 843 2549; x_wconf 83' lang='lat' dir='ltr'><strong>super</strong></span> <span class='ocrx_word' id='word_1_276' title='bbox 857 2499 1019 2536; x_wconf 79' lang='lat' dir='ltr'><strong>vestem</strong></span> <span class='ocrx_word' id='word_1_277' title='bbox 1044 2507 1184 2537; x_wconf 83' lang='lat' dir='ltr'><strong>meam</strong></span> <span class='ocrx_word' id='word_1_278' title='bbox 1203 2493 1413 2538; x_wconf 85' lang='lat' dir='ltr'><strong>miserunt</strong></span> <span class='ocrx_word' id='word_1_279' title='bbox 1434 2492 1632 2544; x_wconf 72' lang='lat' dir='ltr'><strong>sortem⁸.</strong></span> <span class='ocrx_word' id='word_1_280' title='bbox 1649 2491 1756 2538; x_wconf 72' lang='lat' dir='ltr'><strong>»Di-</strong></span> 
     </span>
     <span class='ocr_line' id='line_1_33' title="bbox 384 2560 1754 2628; baseline -0.003 -21"><span class='ocrx_word' id='word_1_281' title='bbox 384 2564 572 2610; x_wconf 71' lang='lat' dir='ltr'><strong>viserunt</strong></span> <span class='ocrx_word' id='word_1_282' title='bbox 584 2560 663 2605; x_wconf 86' lang='lat' dir='ltr'><strong>sihi</strong></span> <span class='ocrx_word' id='word_1_283' title='bbox 682 2561 957 2621; x_wconf 77' lang='lat' dir='ltr'><strong>Evangelistae</strong></span> <span class='ocrx_word' id='word_1_284' title='bbox 978 2565 1227 2613; x_wconf 65' lang='lat' dir='ltr'><strong>vestimenta</strong></span> <span class='ocrx_word' id='word_1_285' title='bbox 1246 2564 1367 2624; x_wconf 65' lang='lat' dir='ltr'><strong>ejus,</strong></span> <span class='ocrx_word' id='word_1_286' title='bbox 1382 2573 1427 2614; x_wconf 69' lang='lat' dir='ltr'><strong>et</strong></span> <span class='ocrx_word' id='word_1_287' title='bbox 1445 2579 1581 2628; x_wconf 65' lang='lat' dir='ltr'><strong>super</strong></span> <span class='ocrx_word' id='word_1_288' title='bbox 1591 2570 1754 2614; x_wconf 65' lang='lat' dir='ltr'><strong>vestem</strong></span> 
     </span>
    </p>
   </div>
   <div class='ocr_carea' id='block_1_3' title="bbox 430 2653 1349 2705">
    <p class='ocr_par' dir='ltr' id='par_1_5' title="bbox 430 2653 1349 2705">
     <span class='ocr_line' id='line_1_34' title="bbox 430 2653 1349 2705; baseline 0.002 -16"><span class='ocrx_word' id='word_1_289' title='bbox 430 2662 442 2682; x_wconf 80' lang='lat'>¹</span> <span class='ocrx_word' id='word_1_290' title='bbox 462 2653 584 2689; x_wconf 68' lang='lat' dir='ltr'><strong>Mauh</strong></span> <span class='ocrx_word' id='word_1_291' title='bbox 600 2664 633 2697; x_wconf 78' lang='lat' dir='ltr'><strong>x,</strong></span> <span class='ocrx_word' id='word_1_292' title='bbox 654 2662 704 2690; x_wconf 87' lang='grc' dir='ltr'><strong>ιο.</strong></span> <span class='ocrx_word' id='word_1_293' title='bbox 723 2672 764 2683; x_wconf 85' lang='lat'><em>-</em></span> <span class='ocrx_word' id='word_1_294' title='bbox 780 2654 901 2699; x_wconf 65' lang='lat' dir='ltr'><strong>3.Psal</strong></span> <span class='ocrx_word' id='word_1_295' title='bbox 915 2656 1349 2706; x_wconf 67' lang='lat' dir='ltr'><strong>111,6.—31‹1.xx1,12.</strong></span> 
     </span>
    </p>
   </div>
  </div>
 </body>
</html>
