1780 3120
431 209 486 237 ΒΕ
515 207 626 236 BONO
658 206 822 236 uoltus.
858 206 981 235 ulum
1012 206 1129 234 UKUS.
1409 188 1467 246 73

101 294 148 331 et
170 287 311 330 nullus
331 292 396 329 est
421 284 584 328 fructus
609 282 893 327 abundantiae.
920 282 1126 341 Cupimus
1148 281 1336 340 quotidie
1356 281 1467 324 scire

101 372 212 401 nova
229 374 242 407 3
267 365 311 400 et
330 355 433 415 quid
458 363 523 399 eet
542 356 632 414 ipsa
650 354 826 398 scientia
839 385 852 403 ‚
876 353 957 396 nisi
972 353 1205 411 quotidiani
1221 352 1379 396 doloris
1398 352 1470 395 ad-

99 426 264 486 jectio?
284 426 437 470 Omnia
457 440 550 484 quae
572 434 672 468 sunt
685 424 772 483 jam
795 424 984 473 suerunt,
1007 430 1052 466 et
1071 422 1176 466 nihil
1194 423 1274 466 sub
1295 423 1384 465 sole
1404 429 1469 464 est

102 511 277 546 novum,
294 497 371 539 sed
390 496 532 538 omnia
552 495 739 549 vanitas2
767 512 785 534 ι
799 494 951 537 Totam
970 493 1100 537 vitam
1122 493 1222 536 odio
1239 492 1369 536 habui
1385 491 1422 542 ¹,
1439 510 1457 533 ι

101 566 209 611 dixit
224 566 513 609 Ecclesiastes.
542 565 629 618 Qui
653 565 781 607 vitam
800 563 900 607 odio
920 563 1071 606 habuit
1086 596 1096 610 ‚
1122 571 1306 606 mortem
1322 562 1468 619 utique

99 637 358 696 praedicavit.
385 636 578 693 Denique
597 643 791 678 mortuos
811 634 998 677 laudavit
1014 634 1148 692 magis
1173 648 1302 690 quam
1321 632 1471 675 viven-

100 705 183 750 tes²
198 715 265 756 3et
278 707 398 750 illum
411 705 618 763 judicavit
633 705 827 755 beatum,
844 704 970 762 quiin
980 704 1092 747 hane
1100 704 1227 747 vitam
1239 718 1326 746 non
1336 701 1467 750 venit,

97 776 181 821 nee
205 777 377 821 inanem
397 776 516 819 hunc
545 776 736 834 suscepit
754 776 959 818 laborem.
996 793 1015 815 ι
1041 775 1270 825 Circuivit,
1302 772 1465 831 inquit,

97 865 118 888 ι
130 862 207 892 cor
229 862 391 896 meum,
408 854 458 889 ut
471 846 626 889 scirem
642 846 763 904 impii
784 846 988 896 laetitiam,
1004 854 1049 889 et
1069 845 1400 894 considerarem,
1424 851 1468 887 et

99 935 119 958 ι
130 932 365 975 quaererem
382 916 651 974 sapientiam,
665 924 709 958 et
728 929 974 964 nnmerum,
991 924 1035 958 et
1050 923 1099 957 ut
1119 914 1274 958 scirem
1291 930 1368 973 per
1390 913 1469 956 im-

97 1006 116 1030 »
128 987 295 1047 perium
314 986 525 1036 laetitiam,
544 995 589 1030 et
609 985 846 1029 molestiam
858 1017 871 1035 ,
889 993 933 1027 et
946 984 1221 1042 jactationem
1232 1001 1245 1034 3
1263 993 1307 1027 et
1327 983 1468 1027 inveni

95 1073 207 1116 »ego
221 1072 317 1101 eam
342 1057 595 1100 amariorem
609 1089 623 1106 ,
640 1071 769 1114 quam
789 1063 976 1098 mortem
989 1053 1002 1075 ³
1023 1069 1034 1097 τ
1053 1072 1070 1094 ι
1095 1069 1183 1097 non
1203 1054 1303 1111 quia
1323 1067 1467 1095 amara

98 1128 154 1172 sit
176 1144 316 1178 mors,
340 1129 417 1171 sed
440 1128 539 1186 quia
561 1127 693 1186 impio
720 1142 863 1170 amara
876 1143 890 1176 3
914 1133 958 1168 et
983 1133 1128 1168 tamen
1151 1125 1335 1167 amarior
1356 1124 1464 1173 vita,

98 1214 229 1258 quam
248 1214 377 1242 mors.
410 1199 589 1242 Gravius
614 1205 680 1242 est
694 1197 808 1241 enim
831 1198 886 1240 ad
906 1203 1131 1255 peccatum
1152 1196 1295 1238 vivere
1308 1228 1320 1244 ,
1343 1209 1471 1252 quam

98 1271 143 1314 in
158 1279 335 1330 peccato
350 1270 461 1314 mori
472 1287 485 1319 3
500 1270 599 1328 quia
619 1269 789 1328 impius,
809 1268 998 1325 quaudiu
1021 1266 1138 1316 vivit,
1157 1274 1383 1325 peccatum
1401 1281 1472 1308 au-

41 1332 45 1334 *
98 1349 203 1400 get:
227 1340 263 1384 si
283 1341 510 1391 moriatur,
531 1354 711 1399 peecare
733 1338 899 1381 desinit.

161 1411 333 1456 XXlX.·
359 1411 556 1468 Plerique
580 1409 810 1453 criminum
838 1423 1014 1451 suorum
1040 1407 1308 1451 absolutione
1330 1409 1472 1451 laetan-

103 1490 187 1525 tur.
213 1481 259 1525 Si
288 1481 556 1525 emendaturi
580 1488 705 1529 sunt,
744 1487 889 1522 recte:
922 1479 956 1521 si
986 1478 1294 1537 perseveraturi
1316 1479 1359 1521 in
1381 1477 1443 1521 eis
1458 1510 1469 1526 ,

99 1554 257 1601 stulte3
280 1552 378 1610 qnia
399 1553 525 1610 longe
543 1551 625 1594 illis
638 1551 736 1609 plus
751 1549 967 1592 damnatio
984 1548 1230 1607 profuisset,
1261 1559 1316 1591 ne
1337 1547 1473 1590 incre-

103 1630 249 1665 menta
271 1621 461 1664 facerent
475 1628 765 1679 peecatorum.
791 1619 856 1661 De
873 1634 959 1676 quo
975 1618 1168 1661 sublimis
1180 1626 1245 1661 est
1266 1617 1473 1660 sententia

103 1691 296 1752 Apostoli
312 1691 492 1735 dicentis
505 1723 519 1740 ,
541 1691 657 1749 qnod
677 1704 764 1732 non
781 1690 919 1732 solum
939 1688 969 1731 ii
991 1688 1064 1745 qui
1085 1688 1291 1747 flagitiosa
1313 1695 1443 1746 agunt
1457 1719 1469 1736 ,

103 1763 321 1806 sedetiam
337 1762 474 1820 quiea
488 1761 743 1820 approbant,
762 1759 878 1817 digni
893 1766 1032 1801 morte
1047 1767 1148 1802 sunt
1161 1759 1177 1780 ⁴
1197 1774 1209 1801 :
1228 1760 1304 1802 sed
1318 1767 1363 1801 et
1378 1758 1471 1801 illos

101 1833 180 1891 qui
205 1833 302 1877 talia
323 1833 611 1876 condemnant
637 1830 681 1873 in
705 1830 796 1873 aliis
816 1830 956 1887 qualia
978 1830 1058 1888 ipsi
1078 1838 1234 1888 agunt,
1257 1829 1473 1875 inexcusa-

102 1903 213 1948 biles
238 1903 414 1953 haberi,
442 1910 493 1946 ut
515 1910 558 1945 et
579 1916 655 1944 sua
677 1902 899 1943 damnatos
924 1901 1134 1943 sententia
1153 1899 1187 1944 ⁵.
1219 1899 1330 1942 Cum
1356 1899 1473 1942 enim

4 1995 20 2003 s
98 1975 210 2020 'alios
231 1975 519 2018 condemnant
534 1987 596 2022 se,
616 1971 728 2030 ipsos
750 1971 1054 2013 condemnant.
1069 1969 1159 2013 Nec
1174 1969 1254 2012 sibi
1269 1984 1342 2012 eos
1357 1969 1476 2012 blan·

101 2044 188 2087 diri
207 2052 426 2103 oportere,
452 2043 551 2100 qnia
579 2055 804 2101 poenarum
827 2041 882 2084 ad
902 2048 1071 2098 tempus
1095 2040 1307 2083 immunes
1331 2039 1477 2082 viden-

106 2122 204 2170 tur,
237 2123 283 2158 et
314 2121 502 2158 exsortes
530 2121 673 2156 reatus
690 2129 703 2162 3
737 2127 837 2155 cum
866 2112 1078 2170 graviores
1109 2126 1256 2170 poenas
1287 2111 1396 2152 intra
1429 2125 1475 2153 se

104 2185 251 2235 luant,
273 2192 318 2228 et
337 2184 418 2228 sihi
436 2184 499 2227 rei
519 2184 625 2233 sint,
652 2182 726 2240 qui
751 2181 842 2224 aliis
862 2197 949 2224 non
974 2181 1174 2224 videntur
1190 2197 1204 2229 3
1229 2188 1356 2237 atque
1370 2179 1415 2222 in
1430 2194 1476 2223 se

105 2254 379 2314 intorqueant
412 2254 649 2313 graviorem
677 2251 949 2295 conscientia}
984 2250 1239 2294 sententiam
1255 2283 1269 2300 ‚
1297 2264 1399 2293 cum
1423 2250 1479 2293 de

101 2325 290 2370 aliorum
304 2325 488 2384 peccatis
499 2324 706 2383 judicant.
727 2322 815 2366 Sed
829 2322 932 2371 noli,
957 2321 1110 2379 inquit,
1122 2321 1308 2370 ohomo,
1326 2320 1477 2364 divinae

101 2394 312 2439 bonitatis
343 2403 389 2439 et
428 2394 642 2454 patientiae
672 2392 893 2450 thesauros
928 2400 1206 2435 contemnere
1232 2390 1279 2440 ‘3
1311 2390 1478 2441 bonitas

156 2505 167 2521 ¹
187 2497 295 2531 noete.
316 2509 355 2539 n,
384 2509 435 2541 ¹7.
459 2515 502 2523 —
527 2509 542 2526 ι
568 2497 623 2531 td.
640 2507 687 2536 lv,
703 2507 788 2531 1.-
801 2497 817 2521 ⁸
832 2494 888 2530 ld.
901 2505 964 2536 vn,
982 2494 1037 2536 26,
1055 2504 1111 2538 27.
1126 2512 1169 2520 —-
1185 2495 1200 2523 ί
1214 2493 1312 2527 Rom.
1327 2504 1353 2532 ι,
1365 2491 1419 2525 32.
1437 2509 1479 2518 —

108 2551 127 2589 ἕ
145 2549 199 2591 ld-
213 2561 253 2590 u.
267 2551 541 2593 1.—⁶1bid.4.
