1780 3120
325 226 415 292 3824
720 269 722 272 -
873 240 907 285 ε,-
945 242 1140 287 ianuam

322 404 1690 446 mmmmmmmmfflmfflmm2nuawaudaddaemdd

845 553 1023 607 CARUT
1053 555 1171 600 xm.
1233 523 1239 532 ’

333 690 485 733 {lsai-ce
513 685 855 746 ethymologiam
879 698 1142 743 prosequens
1164 687 1354 732 ostendit
1381 690 1692 751 illam'lepori-

390 759 468 801 bus
494 758 631 815 ipsis,
669 772 721 798 ac
747 756 913 812 plantis
943 756 1203 814 quibuslibet
1227 759 1549 816 foecundiorem
1575 778 1661 807 esse
1678 797 1689 819 ‚

384 828 743 889 foenerato²·isque
756 827 977 869 aviditate
992 842 1165 870 omnem
1182 829 1322 872 aliam
1337 835 1542 891 superari
1556 851 1571 877 .·
1587 835 1693 879 dein

385 899 444 942 ad
466 899 720 941 institutam
736 912 882 940 usuroe
903 913 1003 941 eum
1022 899 1299 945 animalibus
1313 918 1364 946 ao
1379 903 1551 961 plantis
1572 921 1694 949 oom-

384 971 668 1029 parationem
680 969 811 1012 redit.

387 1109 538 1154 XLIII.
568 1109 736 1151 UsunAM
751 1122 924 1165 quoque
940 1109 992 1151 ab
1013 1124 1089 1150 usu
1111 1110 1294 1153 arbitror
1314 1111 1493 1163 dictam,
1515 1115 1631 1172 quod
1645 1123 1694 1158 ut

330 1174 466 1224 vestes
486 1194 589 1228 usu,
613 1179 670 1221 ita
691 1178 828 1220 usuris
848 1179 1098 1236 patrimonia
1122 1180 1381 1225 scindantur.
1401 1183 1602 1242 Lugubre
1622 1199 1694 1228 ce-

330 1266 387 1294 rae
402 1250 538 1309 prima
561 1250 699 1293 littera
718 1257 838 1292 sonat
864 1248 972 1308 (82).
998 1249 1183 1292 Parturit
1202 1267 1279 1294 vox
1301 1254 1458 1296 doloris
1478 1263 1568 1298 est:
1592 1255 1694 1313 quid

332 1321 408 1364 tibi
431 1328 568 1378 potest
590 1334 680 1362 esse
703 1319 804 1361 boni
819 1351 830 1368 ,
855 1319 970 1375 quod
994 1335 1016 1362 a
1047 1321 1193 1364 dolore
1214 1321 1362 1381 incipit
1386 1332 1429 1367 et
1456 1325 1508 1368 ab
1532 1325 1696 1383 obliga·-

330 1391 473 1434 tione?
493 1390 677 1447 Lepores
697 1389 840 1432 serunt
863 1405 1067 1447 generare
1088 1391 1215 1434 simul
1232 1401 1276 1435 et
1295 1395 1503 1445 educare,
1527 1405 1571 1439 et
1588 1411 1696 1439 con-

329 1463 450 1506 tinuo
465 1461 675 1520 parturire
696 1460 787 1519 (85)
812 1475 822 1503 t
849 1461 938 1503 istis
950 1477 1120 1519 quoque
1145 1464 1457 1522 anaglyphariis
1477 1464 1696 1524 (84),usu-

327 1546 471 1575 rarum
504 1539 729 1589 generatur
761 1538 804 1574 et
836 1541 1192 1589 supergeneratur
1221 1549 1375 1584 usura,
1405 1535 1620 1580 enutritur
1645 1552 1693 1581 ac

327 1596 530 1654 nascitur,
564 1610 606 1645 et
633 1609 729 1644 nata
758 1601 846 1659 jam
875 1602 1070 1661 parturit.
1096 1603 1277 1647 Radices
1299 1619 1470 1663 quoque
1491 1601 1694 1651 arborum

268 1665 270 1668 ζ
325 1674 464 1731 primo
486 1674 732 1731 plantantur
757 1681 804 1715 ut
824 1674 1035 1730 prendant
1052 1690 1064 1723 3
1086 1689 1183 1716 cum
1206 1675 1481 1733 prenderint,
1501 1672 1696 1722 tuncss‘vi-

325 1759 492 1787 rescere
517 1743 742 1801 incipiunt,
762 1751 904 1802 postea
926 1746 1134 1801 pullulare
1156 1762 1165 1786 ε
1191 1754 1233 1788 at
1251 1761 1352 1789 vero
1368 1747 1695 1806 pecnniafoene-

325 1814 411 1857 bris
432 1813 501 1856 vix
516 1815 701 1871 plantata
722 1813 807 1870 jam
826 1815 1018 1872 pullulat.
1042 1815 1211 1858 Semina
1230 1824 1427 1883 tempore¹
1442 1827 1691 1879 erumpunt,

327 1883 520 1927 animalia
551 1892 742 1941 tempore
776 1884 946 1941 pariunt
970 1903 1013 1926 z«
1045 1886 1230 1944 Tempus
1260 1887 1374 1930 enim
1404 1888 1617 1946 pariendi,
1649 1896 1692 1932 et

325 1962 520 2012 »tempus
556 1953 766 1996 moriendi
798 1969 807 1997 :
842 1960 1010 2012 §empus
1045 1958 1286 2014 plantandi,
1317 1966 1360 2001 et
1387 1967 1555 2018 tempus
1576 1961 1692 2003 evel-

323 2043 339 2064 »
353 2024 467 2067 lendi
487 2026 723 2082 plantatum
741 2039 750 2066 :
772 2033 939 2084 tempus
961 2026 1201 2076 occidendi,
1220 2037 1263 2071 et
1278 2018 1445 2087 tempus
1456 2030 1644 2074 sanandi.
1660 2048 1679 2071 »
1711 2023 1715 2027 ’

319 2096 373 2138 Et
390 2095 495 2137 infra
517 2111 526 2138 ε
543 2113 559 2135 α
579 2096 766 2154 Tempus
788 2097 1059 2154 acquirendi,
1078 2107 1119 2142 et
1137 2107 1306 2159 tempus
1326 2102 1533 2145 reddendi
1553 2117 1564 2145 :
1584 2110 1689 2145 tem-

317 2184 333 2207 »
347 2181 423 2224 pus
445 2165 725 2215 custodiendi,
750 2174 793 2209 ct
815 2175 980 2226 tempus
1003 2171 1285 2227 expellendi1,
1311 2190 1327 2211 »
1342 2180 1388 2214 ut
1406 2171 1686 2215 Ecclesiastes

320 2237 378 2279 ait
401 2236 612 2294 :pecunia
636 2237 835 2279 soenehris
856 2237 984 2281 hodie
1014 2240 1270 2292 seminatur,
1303 2257 1395 2285 cras
1415 2241 1645 2285 fructificat
1669 2257 1680 2285 :

319 2322 484 2365 semper
509 2307 644 2364 parit,
668 2316 711 2350 et
732 2323 952 2366 nunquam
975 2309 1119 2354 interit
1143 2327 1152 2354 t
1173 2328 1341 2371 semper
1362 2314 1592 2371 plantatur,
1614 2314 1685 2356 vix

317 2377 520 2420 evellitur.
543 2377 644 2420 Vult
661 2393 827 2437 semper
843 2379 1074 2424 soenerator
1094 2384 1330 2440 acquirere,
1349 2399 1568 2443 nunquam
1588 2400 1682 2442 per-

318 2447 418 2489 dere
441 2463 450 2490 :
469 2462 687 2505 nunquam
705 2451 917 2493 custodire
938 2445 1164 2510 pecuniam
1185 2470 1305 2498 suam
1319 2488 1332 2504 ,
1350 2469 1517 2513 semper
1535 2457 1673 2515 expol-

312 2519 399 2562 lere
419 2533 429 2560 z
454 2533 672 2575 nunquam
690 2535 861 2571 sanare,
882 2538 1050 2581 semper
1072 2524 1286 2568 occidere.

361 2616 371 2632 ¹
392 2607 498 2641 Eccle.
516 2618 566 2645 ιιι,
585 2609 657 2642 2-8.
