1780 3120
280 219 370 267 526
791 234 1132 266 annumeras.

457 312 591 359 Natis
608 312 657 355 t‘n
675 326 805 356 usum
831 313 998 357 loetfaeioe
1019 313 1194 373 scyphis

456 384 682 445 Pugnare,
709 383 936 428 Thracum
953 395 1028 428 est.
1053 384 1210 428 Tollite
1222 382 1477 448 barbaram*

577 453 626 498 Μ
629 469 751 498 orem
763 487 775 504 ,
793 462 877 499 etc.

638 592 886 621 ΔΝΝοΤΑΤιο
923 576 1015 636 (53)
1050 593 1145 636 pag.
1167 591 1286 636 -297.

337 698 544 743 solebant
569 706 732 742 veteres
768 714 915 742 aureas
942 699 1081 742 bullas
1108 697 1331 741 infantium
1359 699 1469 742 collo
1494 714 1656 758 appan»

279 770 411 820 dere,
445 771 519 813 sed
546 785 634 813 non
662 769 719 812 ita
752 769 972 828 proprium
1005 778 1097 812 erat
1129 769 1228 812 huic
1265 768 1375 811 aetati
1401 769 1652 826 hujusmodi

279 851 604 892 ornamentum,
634 849 682 884 ut
715 841 843 884 etiam
870 839 912 884 in
941 828 1197 900 provectiori
1225 855 1311 883 non
1338 838 1612 884 adhiberetur
1632 874 1646 891 ,

275 911 391 954 uude
426 925 577 954 vocem
617 910 867 968 infantium
895 911 966 955 hic
987 911 1270 955 necessariam
1308 926 1394 955 non
1427 919 1651 970 putamus,

276 981 412 1025 Bullae
434 989 576 1024 autem
597 981 851 1024 dicebantur
871 981 1045 1039 quidam
1068 981 1248 1040 globuli,
1277 982 1349 1040 qui
1364 982 1500 1025 bullas
1518 981 1648 1040 guttis

273 1053 428 1110 pluviae
458 1052 754 1097 decidentibus
783 1052 828 1097 in
860 1068 966 1112 aqua
996 1053 1170 1098 excitari
1200 1054 1343 1098 solitas
1372 1053 1656 1098 similitudine

275 1122 531 1168 referebant.

703 1220 955 1250 ΑΝΝοτΔἸ-ιο
993 1205 1090 1263 (54)
1120 1206 1223 1250 ibid.

336 1307 521 1358 Cornu,
554 1309 598 1352 id
629 1317 714 1358 est,
747 1324 954 1353 corneum
975 1325 1073 1360 vas,
1099 1316 1185 1368 quo
1211 1319 1376 1355 veteres
1398 1312 1454 1355 ad
1474 1325 1652 1355 servan-

274 1380 378 1426 dum
394 1378 539 1424 vinum
554 1412 566 1431 ,
590 1380 734 1423 oleum
746 1413 760 1432 ,
782 1380 971 1440 aliosque
986 1381 1174 1439 liquores
1190 1382 1434 1426 utebantur.

637 1478 886 1543 annorum
923 1499 1016 1568 (55)
1052 1515 1146 1559 pag.
1188 1499 1286 1558 298.

332 1615 570 1664 Ferentarii
600 1629 723 1665 erant
753 1620 923 1665 levioris
956 1629 1181 1664 armaturae
1215 1620 1398 1671 milites,
1432 1621 1506 1680 qui
1536 1629 1658 1666 ante--

275 1702 404 1748 quam
425 1690 524 1734 totis
545 1690 707 1735 viribus
728 1699 1062 1735 concurreretur
1078 1724 1090 1742 ,
1115 1707 1267 1751 pugnae
1292 1691 1606 1752 praeludebant.

704 1837 956 1869 ΑΝΝοτΑτιο
989 1822 1083 1882 (56)
1119 1823 1223 1869 ibid.

340 1943 449 1988 Udae
461 1944 608 1997 vocis,
629 1911 713 1990 hoc
734 1955 817 1998 est,
838 1946 1009 2006 liquidae
1030 1961 1078 1991 ac
1097 1947 1280 1991 mobilis.

706 2082 956 2112 Annon-rio
993 2066 1085 2128 (57)
1122 2068 1224 2113 ibid.

336 2195 633 2256 Agonothetes
650 2196 782 2255 judex
801 2213 851 2242 ac
866 2213 1022 2257 praeses
1038 2198 1300 2248 certaminis,
1322 2197 1408 2243 hoc
1424 2199 1520 2244 loco
1535 2198 1661 2246 idem

277 2273 407 2324 atque
440 2266 623 2311 convivii
649 2269 908 2314 moderator.
938 2269 1106 2313 Etenim
1132 2271 1326 2313 solebant
1349 2269 1512 2329 antiqui
1531 2269 1655 2329 prius

276 2350 406 2393 quam
439 2336 760 2382 discumberent
794 2339 889 2383 talis
919 2339 1090 2390 sortiri,
1131 2347 1175 2383 et
1197 2340 1267 2383 cui
1301 2339 1442 2398 jactus
1473 2339 1651 2386 Veneris

276 2406 469 2450 omnium
501 2407 860 2452 fortunatissimus
892 2411 1100 2454 evenisset
1124 2443 1137 2462 ,
1159 2411 1315 2456 veidem
1352 2427 1531 2471 regnum
1563 2410 1653 2459 vini

275 2478 643 2531 committebatur,
662 2488 711 2524 ut
724 2495 778 2524 ex
793 2481 970 2525 Horatio
987 2496 1246 2541 cognoscere
1261 2489 1327 2526 est
1340 2482 1414 2527 lib.
1441 2497 1458 2526 1
1469 2481 1647 2536 ,Ode4‚

273 2554 316 2590 et
341 2547 413 2592 lib.
441 2563 494 2600 11,
524 2549 619 2594 Ode
648 2550 689 2594 5.
717 2550 862 2596 Innuit
886 2552 1017 2597 etiam
1038 2560 1213 2598 sanctus
1236 2553 1400 2599 Doctor
1420 2551 1552 2598 fuisse
1574 2550 1658 2614 (μή
