1780 3120
307 289 325 319 1
334 273 392 324 84
853 277 885 308 s.
923 275 1114 307 Amnosn

252 413 255 417 ,
302 372 390 408 tem
427 357 614 405 defuncti
649 363 902 415 sequantur,
926 362 969 398 et
990 362 1063 397 tua
1083 357 1297 410 potestate
1330 347 1516 408 pariter,
1524 355 1673 409 atqua

303 433 496 490 exemplo
516 436 758 487 resurgant,
795 435 845 470 ut
881 425 957 469 fias
989 420 1295 483 primogenitus
1317 435 1369 463 ex
1389 420 1597 471 mortuis,
1614 429 1667 465 ut
1733 474 1735 476 ι

303 503 355 546 ad
377 503 590 545 dexteram
612 500 757 542 sedeas
778 496 924 540 Patris.
955 493 1075 538 Unde
1095 500 1138 536 et
1157 491 1289 534 Filius
1310 489 1444 535 dixit:
1447 507 1477 530 α
1498 489 1669 534 Amodo

302 570 528 615 »videbitis
552 568 709 613 Filium
739 566 925 612 hominis
949 566 1165 608 sedentem
1188 562 1241 604 ad
1261 562 1477 604 dexteram
1501 561 1667 642 virtutis

304 640 456 686 »Dein
474 659 491 682 »
520 663 522 666 ·

364 710 574 755 XXXIX.
602 710 734 768 Neget
761 708 854 766 quis
877 708 1048 750 beatum
1073 703 1248 748 Jacob
1237 719 1279 746 ιιι
1309 703 1399 762 ipso
1419 703 1569 746 mortis
1595 693 1670 746 sus*-

302 794 451 838 premo
465 813 476 830 ‚
496 780 567 837 qui
585 779 724 822 divina
740 778 945 821 fundebat
960 777 1144 819 oracula.
1167 774 1300 832 Neget
1320 774 1492 817 beatum
1508 773 1671 832 Josepb

301 850 347 893 in
367 864 560 898 carcere,
586 848 660 891 uhi
688 847 900 906 sapientiae
922 845 1072 903 spiritu
1102 844 1463 902 interpretabatur
1488 843 1672 886 somnio-

302 934 399 962 rum
419 933 513 975 quae
536 918 749 967 audierat,
767 916 1014 966 veritatem,
1041 924 1085 960 et
1104 915 1347 959 futurorum
1376 915 1537 958 seriem
1556 926 1675 957 reve·

301 989 428 1031 labat.
467 989 600 1046 Neget
635 988 813 1031 beatum
856 988 1048 1036 Esaiam,
1086 1002 1185 1030 cum
1224 986 1392 1028 medius
1421 992 1638 1028 secaretur
1655 1000 1677 1026 ε

301 1058 558 1103 Hieremiam
573 1090 584 1107 ,
600 1073 699 1101 cum
716 1065 980 1115 mergeretur
999 1073 1009 1099 τ
1031 1056 1183 1100 Daniel
1199 1064 1393 1099 sanctum
1407 1061 1430 1105 ,’
1443 1071 1542 1099 eum
1561 1055 1675 1098 inter

301 1128 446 1172 leones
462 1136 592 1170 staret
609 1128 846 1185 intrepidus
862 1160 875 1177 ‚
898 1135 941 1170 et
961 1126 1190 1185 prandium
1213 1126 1251 1169 ei
1269 1132 1415 1184 raptus
1435 1126 1493 1168 ab
1511 1125 1678 1183 Angelo

299 1198 512 1256 Propheta
545 1197 740 1246 deferret.
783 1197 876 1241 Non
908 1197 1061 1255 utique
1094 1196 1190 1239 ideo
1224 1196 1419 1246 beatus‚'
1444 1195 1544 1253 quia
1569 1193 1675 1238 alie·-

301 1282 408 1311 num
442 1268 677 1327 prandebat
718 1267 947 1325 prandium
978 1282 988 1307 z
1025 1268 1100 1310 sed
1134 1266 1236 1323 quia
1271 1264 1561 1313 meduanilis
1597 1262 1685 1306 im-‘

299 1345 419 1394 pasta
453 1339 626 1380 leonum
664 1353 737 1380 ora
777 1337 1014 1379 claudebat.
1052 1336 1159 1388 Quis
1194 1344 1335 1379 autem
1378 1350 1465 1378 non
1504 1334 1683 1379 beatam

306 1406 458 1450 dixerit
490 1415 672 1450 matrem
692 1407 1032 1451 Machabaeorum
1048 1439 1060 1456 ,
1085 1422 1180 1464 quae
1203 1415 1365 1464 septem
1391 1405 1577 1448 filiorum
1613 1403 1678 1447 su-

304 1476 478 1520 neribus
505 1485 698 1520 octavam
721 1493 766 1521 se
787 1477 947 1520 addidit
969 1479 1023 1520 ad
1041 1478 1213 1520 laudem
1233 1476 1417 1521 ccelesiis
1437 1473 1680 1535 triumphi?

305 1626 1680 1658 vwvwmmunwmmvwvwwvmmvwmvwmmmwvmwmwmwwfflm

864 1740 1042 1786 CAPUT
1072 1743 1131 1787 X.

269 1885 274 1891 ’
312 1877 504 1932 Quantae
554 1876 681 1919 laudi
719 1875 891 1935 fecerint
935 1874 1156 1917 sacerdon·
1200 1873 1419 1918 Eleazaro
1458 1875 1693 1934 supplic-{m

367 1958 621 1990 constanter
653 1947 842 1990 tolerata
856 1979 869 1997 ,
907 1956 1090 2004 propter
1112 1962 1212 2003 quw
1230 1962 1329 1990 vere
1351 1946 1498 1992 beatus
1525 1949 1583 1991 sit
1599 1949 1693 2008 jtt-

368 2018 606 2062 dicandus.

366 2152 456 2197 XL.
485 2153 575 2196 Nnc
590 2160 660 2203 te,
683 2153 881 2197 Eleazaro
896 2185 908 2205 ‚
929 2153 1249 2211 praetermittam
1264 2187 1276 2205 ,
1300 2162 1450 2213 utpote
1479 2153 1683 2198 sacerdos

309 2231 398 2265 tem
421 2223 617 2266 sacerdos
632 2257 644 2274 ,
668 2225 743 2268 sed
759 2223 841 2267 tuis
856 2224 1067 2283 juvandus
1089 2225 1217 2268 oratis
1237 2241 1247 2268 :
1272 2226 1343 2284 qui
1366 2219 1521 2286 genere
1543 2215 1682 2283 sacerff

311 2293 417 2342 dos,
439 2292 599 2351 peritus
624 2293 666 2335 in
683 2293 819 2353 Lege,
842 2303 1035 2338 maturus
1050 2295 1149 2345 aevi,
1164 2312 1263 2339 cum
1280 2289 1447 2340 oblatus
1469 2312 1580 2340 esses
1594 2296 1683 2340 An·

310 2361 455 2405 tiocho
496 2364 786 2422 persecutori²
794 2397 806 2414 ,
837 2381 917 2408 nec
943 2366 1215 2409 tentamentis
1242 2367 1415 2426 potuisti
1439 2366 1561 2442 capi,
1597 2379 1680 2410 nec

309 2431 491 2489 praemiis
521 2433 710 2484 inflecti,
743 2450 823 2479 nee
854 2436 1161 2518 suppliciorum
1187 2420 1491 2481 aceibitatibus
1520 2436 1682 2500 frangig

309 2499 503 2560 Denique
525 2517 548 2546 a
570 2503 872 2549 blandimentis
898 2506 1051 2566 coepit,
1085 2508 1183 2566 quia
1213 2508 1434 2567 judicabat
1463 2514 1679 2554 tormenta

358 2602 510 2638 1Ma11h.
528 2614 617 2646 xxvi,
635 2605 688 2646 64.
705 2624 745 2632 —
762 2608 942 2643 ·.2Mnh
960 2620 1009 2650 νι,
1031 2609 1080 2647 18,
1095 2615 1127 2643 et
1142 2620 1233 2655 seqq.
