1780 3120
244 360 252 365 ἡ
308 301 410 363 296*
849 317 881 347 s.
920 290 1122 348 amnem

303 398 412 457 pulis
429 431 438 446 ‚
474 397 663 442 civitates
684 396 920 447 indificant,
952 397 1025 456 qui
1054 412 1139 439 non
1156 396 1317 440 habent
1340 396 1454 440 undo
1479 393 1673 457 cauponi·
1695 414 1697 418 ’

303 476 428 528 potus
459 468 523 511 sui
555 468 743 528 corporis
764 468 946 528 pretium
985 469 1160 511 solvant.
1193 468 1346 511 Fervet
1366 467 1478 511 enim
1521 468 1666 513 vinnm

306 541 348 583 in
388 540 475 590 his,
513 549 556 584 ct
585 541 778 584 nesciunt
815 541 917 599 quid
950 542 1199 604 loquantur.¹
1232 541 1391 583 Divitcs
1432 549 1530 584 sunt
1563 541 1667 585 dum

302 611 567 654 inebriantur
588 627 598 654 ε
623 628 721 655 mox
743 612 814 655 ubi
840 612 982 655 vinnm
1006 610 1276 670 digesserint,
1299 621 1480 655 cernunt
1508 628 1552 657 sc
1572 628 1667 656 esso

306 680 536 725 mendicos.
562 683 652 725 Uno
675 683 742 725 die
764 683 916 725 bibunt
942 684 1178 725 muliorum
1202 681 1365 724 dierum
1392 684 1576 727 labores.

364 751 516 794 XL111.
565 752 626 795 De
648 751 861 795 'ebrietate
886 753 939 795 ad
974 767 1090 795 arma
1128 752 1428 810 consurgitur,
1468 753 1672 797 calicibus

308 823 389 865 tela
426 823 672 864 succedunt.
720 823 801 866 Pro
835 823 932 865 vino
976 823 1143 881 sanguis
1177 822 1435 874 effunditur,
1458 832 1500 868 ct
1537 825 1673 884 ipsum

306 893 552 950 sanguinem
588 892 681 934 vina
711 892 926 936 fuderunt.
960 893 1099 945 Quam
1124 894 1253 937 sortes
1284 895 1362 938 sibi
1396 895 1590 940 homines
1610 895 1675 939 xi-

307 963 462 1004 dentur·
495 962 535 1003 in
580 962 698 1012 vino,
744 978 871 1019 quam
901 963 1133 1022 sapientes,
1167 981 1294 1024 quam
1337 966 1504 1016 dison-ti,
1545 982 1674 1025 qnam

308 1033 434 1076 etiam
453 1033 617 1091 pulchri
637 1049 684 1076 ac
702 1035 868 1084 decori,
894 1050 992 1078 cun]
1011 1045 1120 1079 stare
1138 1052 1222 1080 non
1243 1038 1438 1097 possint?
1457 1039 1575 1082 Mens
1595 1054 1674 1082 nc-
1695 1066 1697 1068 -

307 1119 422 1147 cesse
446 1112 508 1146 cst
544 1104 720 1154 titubet,
760 1105 900 1162 lingua
929 1106 1161 1158 balbutiat,
1191 1109 1326 1167 pallor
1350 1109 1571 1168 exsanguis
1600 1125 1675 1153 ora

309 1175 551 1224 suffundat,
574 1176 701 1218 soetor
721 1177 936 1232 ebrietatis
961 1177 1128 1221 horrori
1152 1179 1217 1222 sit.
1249 1180 1424 1223 Barbari
1449 1180 1491 1223 in
1514 1181 1675 1224 serrum

308 1254 436 1288 ruunt
465 1244 542 1302 (52
572 1245 634 1288 bis
649 1248 662 1303 )
679 1280 688 1295 ‚
710 1248 859 1306 vulgus
878 1247 920 1290 in
942 1249 1063 1292 rixas.
1093 1249 1135 1292 Si
1153 1250 1246 1308 quis
1264 1267 1412 1294 eorum
1431 1267 1573 1311 pugno
1591 1252 1677 1296 sue-

310 1316 364 1358 rit
401 1332 649 1375 percusstw,
697 1317 836 1361 videas
872 1334 944 1362 ora
986 1320 1178 1363 saucium
1213 1321 1295 1364 vini
1331 1323 1539 1381 lacrymas
1573 1321 1678 1369 fuu-

312 1387 432 1436 dere,
477 1387 737 1432 miserabiles
770 1389 956 1449 epilogos
994 1392 1231 1435 decantat-c.
1262 1392 1398 1436 Habet
1425 1408 1558 1436 unum
1593 1384 1701 1448 hoc*

310 1459 557 1502 ietnulcntia
573 1492 583 1508 ,
610 1468 656 1502 ut
675 1461 864 1504 emolliat
884 1470 927 1504 ct
956 1463 1136 1505 resolvat
1161 1464 1289 1506 corda
1322 1465 1672 1508 temulentorum.

310 1528 429 1572 Sient
449 1531 562 1573 euim
586 1531 690 1590 ignis
719 1532 868 1591 probat
890 1532 1047 1576 serrum
1073 1535 1228 1577 durum
1243 1569 1253 1583 ‚
1276 1534 1332 1577 ita
1354 1543 1397 1578 et
1420 1534 1505 1578 vini
1534 1535 1679 1579 Incen-
1702 1564 1706 1567 -

313 1599 382 1641 dio
405 1600 531 1642 etiam
554 1602 834 1659 superborum
857 1603 1078 1646 homiuum
1103 1620 1178 1647 cor
1194 1605 1401 1663 liquescit.

370 1668 522 1714 XLIV.
549 1671 708 1715 Omnes
726 1673 803 1716 sibi
827 1674 923 1717 vino
954 1677 1135 1732 :equales
1160 1675 1380 1727 videntur,
1405 1677 1548 1721 nullus
1570 1676 1680 1721 inse-

311 1740 408 1783 rior.
443 1740 536 1784 Non
554 1757 716 1802 pauper
736 1743 852 1787 (limiti
871 1746 1005 1795 cedit,
1034 1736 1265 1805 utpoteilili
1285 1763 1514 1807 pauperem
1527 1763 1571 1791 se
1587 1764 1679 1792 csso

310 1810 445 1852 nescit
464 1826 474 1853 :
500 1812 791 1856 noninlirmus
814 1815 973 1866 valido,
996 1817 1065 1859 cui
1087 1817 1224 1860 omnis
1243 1818 1284 1860 in
1303 1818 1490 1861 bibendo
1513 1826 1576 1861 est
1596 1818 1681 1862 foi·-

309 1881 444 1924 titudo
465 1898 475 1925 :
500 1898 586 1926 non
607 1885 830 1928 mendicus
854 1887 1086 1945 locupleti,
1107 1903 1191 1931 nou
1219 1886 1416 1947 ignobilis
1442 1888 1676 1940 honorato3

310 1968 408 1995 cum
430 1954 628 2007 libentes,
655 1956 775 1998 illum
798 1973 943 2016 regem
966 1958 1152 2002 habeant
1167 1991 1178 2008 ‚
1206 1959 1278 2017 qui
1299 1959 1486 2003 bibendo
1510 1974 1679 2020 supera-

309 2024 414 2066 verit
431 2033 618 2069 caeteros.
647 2026 883 2085 Meritoque
906 2029 1112 2087 scriptum
1137 2038 1201 2073 est
1217 2045 1225 2072 :
1243 2048 1259 2070 α
1281 2030 1469 2088 AEqualis
1489 2031 1574 2075 vita
1598 2031 1682 2075 ho

311 2116 324 2134 s>
339 2095 526 2139 minibus
549 2097 695 2139 vinum
726 2098 770 2140 in
796 2098 1040 2143 ebrietate².
1064 2119 1080 2140 »
1101 2099 1185 2144 Sed
1205 2101 1368 2144 utinam
1394 2110 1436 2145 ct
1471 2103 1587 2160 quod
1611 2119 1681 2147 se-

309 2167 453 2224 quitur
476 2168 643 2211 audires
667 2184 711 2210 1«
732 2169 860 2212 Bibas
883 2170 990 2213 illud
1010 2174 1251 2223 moderate,
1274 2180 1321 2215 ut
1343 2172 1399 2216 sis
1422 2173 1588 2217 sobrius
1599 2174 1630 2217 ².
1646 2192 1663 2215 ι

308 2238 400 2281 Nou
430 2238 562 2281 habes
583 2241 698 2297 quod
732 2255 934 2284 accuses:
963 2241 1111 2285 vinum
1135 2243 1177 2286 in
1194 2243 1463 2301 jucunditate
1483 2253 1676 2289 creatum

306 2318 390 2358 est,
415 2325 498 2352 non
522 2310 565 2352 in
596 2310 803 2354 ebrietate
825 2312 876 2355 ab
904 2313 1036 2356 initio.
1064 2314 1278 2358 Exultatio
1296 2314 1446 2358 animae
1467 2323 1511 2359 et
1538 2315 1680 2360 cordis

305 2389 390 2427 est,
413 2382 445 2423 si
468 2381 688 2425 moderate
703 2382 849 2426 bibas:
869 2383 1165 2428 immoderatio
1189 2393 1331 2430 autem
1359 2393 1486 2445 potus
1512 2386 1680 2432 iracun-

301 2451 415 2494 diam
432 2452 641 2502 eoncitat,
667 2461 710 2496 et
732 2454 879 2498 ruinas
900 2457 1057 2499 multas
1077 2455 1221 2501 efficit.

357 2521 484 2566 XLV.
516 2522 600 2567 Sed
619 2523 728 2567 forte
751 2524 895 2571 dicant
914 2526 990 2572 has
1007 2542 1099 2571 esse
1116 2528 1358 2587 potationes
1379 2529 1618 2589 vulgarium
1635 2537 1683 2576 ot

298 2592 604 2637 levissimorum
630 2594 879 2655 hominum.v
898 2597 1128 2643 Veniamus
1145 2614 1247 2658 orgo
1271 2601 1325 2644 ad
1344 2600 1504 2645 horum
1520 2609 1682 2659 poten-2

353 2690 360 2704 ³
378 2683 477 2717 Eccli.
496 2696 585 2728 xxxi,
598 2685 650 2721 52.
664 2705 704 2712 -
721 2698 733 2713 ι
755 2687 839 2720 thid.
