1780 3120
330 216 347 244 1
358 199 413 244 52
843 226 846 228 -
876 210 907 238 s.
947 211 1138 240 Ammosn

331 292 384 335 sit
400 299 541 333 tecum
563 289 604 331 in
622 288 738 331 omni
760 296 964 346 tempore.
986 288 1104 331 Bona
1127 286 1240 330 enim
1256 287 1460 331 virtutum
1478 289 1699 341 amicitias

331 370 373 403 ct
394 358 659 402 summiboni
676 358 869 414 charitas.
893 357 1007 401 Nihil
1028 357 1170 415 itaque
1182 357 1295 401 aliud
1312 358 1461 416 quaerit
1476 358 1692 416 perfectus

324 431 415 479 ille,
456 429 533 471 nisi
570 430 705 471 solum
742 436 785 471 ct
813 429 1067 486 praeclarum
1102 428 1278 471 bonum.
1323 430 1442 471 Unde
1481 437 1524 472 ct
1554 429 1656 472 dicit
1675 428 1689 472 'z

336 518 352 538 α
372 501 508 542 Unam
528 499 630 558 petii
652 515 672 542 a
696 498 877 542 Domino
892 531 903 548 ‚
928 498 1037 542 hanc
1061 499 1297 558 requiram;
1321 508 1368 543 ut
1389 490 1724 561 inhabitem-in<x

326 591 343 613 ι»
359 573 485 615 domo
506 570 676 614 Domini
697 586 844 614 omnes
868 570 956 613 dies
975 571 1070 614 vitae
1091 586 1171 614 111ae
1186 604 1197 621 ‚
1235 579 1277 614 ct
1308 571 1473 615 videam
1503 573 1692 615 delecta-

322 663 339 682 n
355 643 513 686 tionem
535 641 746 685 Domini¹.
764 661 780 683 »
809 642 955 700 Neque
977 657 1076 686 vero
1104 657 1204 685 eum
1234 651 1435 700 tanquam
1465 650 1701 701 angustum

303 713 579 771 ,inopemque
608 712 817 762 fastidias,
855 713 951 771 quia
968 714 1093 756 unius
1110 714 1339 757 bonivclut
1355 714 1542 766 solitaria
1562 713 1700 758 socie-
1719 763 1722 766 ,

324 793 411 828 tate
434 791 658 827 contentus
680 784 744 826 sit.
770 783 906 842 Hujus
929 784 1042 826 enim
1065 784 1249 827 amicitia
1267 785 1578 835 circumdatus,
1603 786 1704 844 plu-

323 854 456 897 rimus
476 855 566 897 crit.
586 854 787 897 Abundat
809 855 923 897 enim
948 855 1192 913 hujusmodi
1213 856 1302 899 viro
1318 857 1370 898 ad
1385 855 1700 899 beatitudinem

322 933 365 967 ct
387 926 440 967 ad
455 925 764 984 possessionem
779 926 906 977 boni3
925 934 973 969 et
990 926 1084 969 idco
1105 926 1213 970 nihil
1233 926 1347 970 aliud
1369 926 1592 970 desiderat.
1619 924 1699 969 Ni-

322 995 383 1037 hil
413 996 527 1037 enim
549 996 667 1053 quasi
692 1011 849 1039 novum
876 1004 1095 1054 expectat,
1133 996 1205 1054 qui
1234 997 1378 1039 onmia
1404 997 1544 1039 habet.
1580 995 1699 1039 Nihil

323 1073 387 1107 cst
403 1065 516 1107 enim
532 1065 632 1107 boni
651 1065 768 1122 quod
787 1065 1041 1108 nonhabeat
1058 1081 1067 1108 :
1098 1081 1176 1109 nec
1194 1066 1418 1125 superfluis
1431 1068 1701 1115 delectatur,

323 1135 397 1178 scd
419 1135 687 1185 necessariis,
710 1144 752 1178 ct
777 1151 827 1179 eo
859 1137 949 1195 ipso
985 1138 1222 1179 necessario
1246 1140 1360 1195 quod
1382 1153 1468 1180 non
1494 1137 1596 1187 sibi,
1619 1137 1702 1180 sed.

325 1206 444 1249 carni
485 1207 716 1250 adhaerenti
754 1207 833 1250 sibi
869 1207 1155 1251 necessarium
1192 1208 1244 1251 sit
1284 1224 1293 1250 ε
1339 1209 1467 1266 idque
1503 1207 1696 1290 indulget

329 1279 444 1335 quod
462 1277 514 1319 ab
536 1277 747 1320 interioris
768 1277 953 1321 hominis
974 1279 1189 1338 proposito
1212 1295 1298 1322 non
1317 1281 1555 1339 disclepet,
1578 1266 1705 1338 quoda

296 1367 299 1383 ι
330 1345 457 1390 saciat
472 1355 703 1405 utrumque
717 1363 873 1397 unum,
890 1355 933 1390 et
954 1349 1200 1393 reconciliet
1216 1350 1460 1399 intexioiem
1481 1350 1599 1408 Juxta
1622 1349 1696 1393 ho-

321 1415 482 1460 minem
510 1425 636 1475 atque
667 1417 921 1461 exteriorem
950 1418 1065 1468 Deo,
1104 1427 1152 1462 ut
1187 1418 1260 1463 fiat
1296 1420 1339 1462 in
1362 1428 1543 1478 utroque
1582 1423 1708 1463 unus„
1766 1463 1774 1466 ,

324 1487 507 1548 spiritus.

385 1558 550 1601 XXXI.
575 1557 714 1616 Hujus
730 1557 858 1618 igitur
884 1560 1089 1619 propositi
1108 1561 1172 1605 vir
1192 1576 1271 1604 nec
1291 1561 1521 1621 dispendiis
1537 1555 1700 1618 minui-u

320 1635 413 1677 tur,
443 1643 522 1671 nec
544 1628 727 1671 adversis
748 1629 977 1688 frangitur,
1003 1646 1082 1673 nec
1114 1632 1324 1689 repagulis
1347 1631 1590 1680 inhibetur,
1615 1645 1709 1672 nec,

327 1712 500 1739 suorum
529 1698 823 1741 amissionibus
846 1699 1152 1744 moestificatur.
1193 1700 1260 1745 Ad
1293 1701 1416 1760 cujus
1438 1700 1699 1744 informatio-

328 1783 429 1811 nem
453 1768 556 1810 dicit
577 1767 802 1827 Apostolus
822 1786 832 1811 ε
849 1787 865 1809 α
887 1770 1093 1815 Nolumus
1115 1780 1257 1815 autem
1279 1772 1474 1831 ignorare
1495 1786 1568 1815 vos
1582 1804 1593 1821 ,
1616 1771 1709 1814 fra-

332 1856 348 1878 n
366 1847 447 1881 tre-s
465 1871 476 1888 ,
502 1838 555 1881 de
572 1839 906 1890 dormientibus;
924 1850 1073 1885 utnon
1097 1842 1235 1885 tristes
1252 1843 1340 1886 sitis
1358 1843 1466 1886 sicut
1487 1851 1531 1886 et
1552 1843 1707 1887 caeteri‘-

329 1927 345 1948 n
360 1909 432 1966 qui
463 1925 581 1968 spem
612 1925 698 1952 non
719 1911 920 1954 hab0nt2.
939 1931 954 1952 n
969 1911 1135 1956 Solatus
1155 1914 1269 1956 enim
1300 1929 1344 1957 se
1370 1913 1708 1958 resurrectionis.

323 1977 434 2027 fide,
451 1989 492 2023 et
507 1979 659 2023 futui-‘e
678 1982 1030 2027 remunerationis
1054 1984 1211 2042 gratia,
1226 2000 1304 2028 nec
1322 1985 1474 2044 recipit
1489 2001 1539 2029 ea
1550 1993 1707 2029 mente

328 2051 499 2093 moestiti
504 2067 594 2101 a,m
615 2067 732 2109 quoe
722 2052 906 2096 adhaerct
918 2054 1033 2105 Deo,
1056 2065 1099 2098 et
1115 2056 1266 2100 divinae
1282 2058 1534 2122 Ρνωεῑειυῑίφ
1551 2058 1698 2116 volup-

324 2129 408 2163 tate
430 2123 605 2165 laetatur.
641 2123 727 2177 Qui
754 2133 896 2167 autem
921 2116 1195 2170 contristatur
1223 2128 1312 2177 his,
1341 2144 1428 2172 non
1454 2130 1705 2172 secundum.

325 2191 464 2233 Deum
494 2192 781 2237 contristatur.
809 2195 936 2247 Quod
967 2205 1108 2241 autem
1140 2213 1225 2241 non
1259 2201 1496 2243 secundum
1525 2200 1692 2250 Deum,

325 2260 409 2303 hoc
428 2263 600 2319 plenum
623 2263 823 2307 stultitiae.
850 2264 1085 2324 Aperfecto
1107 2267 1234 2327 igitur
1256 2270 1374 2313 abest
1393 2269 1521 2329 hujus
1536 2271 1704 2315 mundi

321 2331 486 2374 tristitia
515 2348 608 2390 quae
644 2349 728 2376 non
750 2338 986 2380 secundum
1025 2338 1186 2390 Deum,
1215 2349 1257 2385 et
1278 2342 1416 2385 omnis
1447 2342 1692 2386 sollicitudo

322 2402 552 2459 corporalis
568 2418 781 2448 aerumnae.
798 2406 1054 2464 Hujusmodi
1075 2410 1190 2454 enim
1213 2411 1450 2456 inductioni
1462 2411 1615 2456 mentis
1633 2420 1699 2456 at-

318 2486 402 2530 que
433 2472 676 2516 substantiae
711 2471 799 2519 non
825 2489 1130 2525 annumeratur
1153 2481 1360 2526 habitudo
1392 2483 1607 2544 corporis,
1647 2491 1703 2533 ek

366 2573 375 2589 ¹
396 2565 480 2599 Psal.
498 2576 590 2608 xxvi,
606 2566 640 2606 4.
656 2586 697 2594 -
715 2578 728 2594 ²
749 2580 761 2602 1
782 2569 895 2604 Thess.
912 2582 959 2611 iv,
979 2582 1030 2609 ιι.
