1780 3120
356 239 409 267 nn
442 237 563 267 isne
597 237 652 267 m·
686 237 831 267 mnu.
870 238 993 267 unx-:n
1024 237 1140 268 υΝυε.
1373 224 1429 270 33

70 325 117 361 ut
138 315 311 376 propius
334 312 438 359 illud
458 315 535 359 Dei
561 315 751 360 Verbum
773 315 948 360 videret.
975 317 1028 359 Et
1052 317 1094 382 ip
1116 317 1198 360 hoc
1220 317 1310 377 ipso
1331 334 1435 378 pro*

72 403 214 431 cessus
239 386 331 444 ejus
353 385 638 445 significatur,
662 385 778 445 quod
803 386 984 429 surrexit
1003 402 1080 446 per
1099 387 1287 446 vigorem
1311 397 1438 448 atque

72 459 284 502 virtutem.
314 457 538 500 Praesentia
572 457 686 500 enim
719 457 844 501 Verbi
873 456 1014 500 hausit
1045 449 1183 500 anima
1211 458 1438 514 virtutem,

73 529 182 572 sieut
206 528 426 587 praesentia
445 528 611 578 Mariae,
647 543 744 571 cum
775 535 897 571 utero
930 526 1065 586 gravis
1092 537 1225 578 esset,
1255 529 1439 574 erudivit

71 599 281 642 Joannem
303 599 344 642 in
361 607 483 642 utero
502 598 795 645 constitutum,
820 598 924 640 adeo
939 605 987 640 ut
1003 597 1164 641 exiliret
1179 597 1220 639 in
1238 607 1378 650 utero,
1397 607 1442 643 et

73 670 284 712 exultaret
305 668 476 712 Domini
500 669 765 728 praesentiam
784 669 1105 727 recognoscens,
1134 667 1326 712 Surrexit
1348 685 1444 728 ape-

74 739 174 790 rire,
195 746 241 783 et
263 755 389 799 opera
414 740 507 798 ejus
529 749 571 783 et
593 740 700 783 sacta
727 738 983 783 mortificata
1005 747 1103 781 sunt
1124 741 1302 785 munde.
1328 740 1442 784 Talis

77 811 191 854 enim
209 806 336 854 debet
350 827 441 854 esse
463 811 601 855 anima
616 827 709 870 quae
730 810 920 855 Verbum
937 819 1001 854 est
1023 819 1270 870 receptura,
1290 820 1338 854 ut
1355 825 1450 854 mo·

79 880 215 924 riatur
234 883 411 930 mundo,
431 889 473 924 et
489 882 800 940 consepeliatur
816 881 998 926 Christo.
1020 880 1091 924 Sic
1112 882 1226 924 enim
1251 882 1444 926 Christus

78 951 314 1001 invenitur,
339 960 382 994 et
404 953 486 994 tale
509 952 587 994 sibi
609 953 759 1010 quaerit
786 952 1029 1010 hospitium.
1064 952 1228 995 Deinde
1253 953 1340 1012 ipsa
1361 954 1444 997 mi·-

79 1020 251 1064 nisteria
268 1021 579 1080 operationum,
607 1022 651 1064 id
676 1030 757 1071 est,
783 1037 934 1064 manus
952 1030 993 1064 et
1011 1021 1129 1079 digiti
1151 1022 1305 1079 quibus
1322 1038 1444 1067 com—

75 1091 355 1149 prehenditur
390 1092 582 1135 Christus
599 1124 610 1141 ,
639 1090 984 1134 mortificantur:
1011 1107 1118 1150 quos
1143 1091 1294 1151 digitos
1325 1086 1443 1137 velut

78 1161 308 1204 eminentia
329 1161 539 1205 sactorum
561 1170 805 1205 nostrorum
823 1178 952 1222 opera
973 1177 1198 1221 possumus
1214 1163 1439 1207 :estimare-

82 1231 230 1289 Itaque
251 1233 366 1275 velut
394 1248 418 1275 e
440 1233 663 1291 complexu
687 1248 762 1275 suo
786 1248 885 1275 cum
911 1232 999 1290 jam
1021 1235 1267 1276 extenderet
1288 1233 1446 1276 intelli·

78 1301 226 1359 gibiles
242 1318 394 1346 manus
412 1319 507 1346 suas
527 1311 570 1346 et
587 1303 757 1362 digitos,
770 1311 817 1346 ut
836 1296 1217 1363 comprehenderet
1234 1305 1443 1364 Verbum,

45 1377 48 1380 “
80 1372 275 1416 transisse
297 1373 376 1416 sibi
406 1374 534 1423 illud,
566 1389 650 1417 non
673 1382 817 1416 tamen
842 1373 983 1417 adhue
1004 1373 1283 1433 pei-transisse
1305 1375 1445 1419 anima
1498 1364 1502 1367 st

79 1443 149 1501 pia
171 1443 288 1487 dicit.
313 1444 367 1487 Et
382 1445 465 1487 hoc
484 1455 732 1503 processum
758 1444 906 1495 hahet,
925 1446 1097 1503 quando
1120 1445 1268 1488 transit
1289 1455 1331 1489 et
1352 1462 1449 1506 per·

80 1514 230 1557 transit
246 1515 430 1558 animam
446 1515 636 1559 Verbum
651 1516 731 1558 Dei
748 1532 757 1563 ;
776 1515 874 1574 quia
893 1515 1099 1575 scriptum
1123 1525 1211 1559 est:
1229 1535 1244 1556 α
1261 1517 1312 1559 Et
1330 1525 1449 1562 tuam

81 1584 240 1642 »ipsius
260 1578 443 1628 animam
460 1586 733 1644 pertransibit
754 1587 941 1644 gladius,
967 1595 1014 1628 ut
1032 1588 1273 1630 revelentur
1293 1589 1446 1631 multo-

82 1673 97 1694 »
112 1670 208 1696 rum
234 1655 428 1698 cordium
451 1656 768 1714 cogitationes'.
791 1675 807 1696 n
825 1656 905 1699 Hic
931 1656 1073 1699 adhuc
1097 1658 1323 1708 transitur,
1356 1675 1444 1703 uon

80 1726 389 1784 pertransitur:
414 1735 462 1769 ut
480 1727 608 1770 Maria
632 1727 671 1769 in
695 1727 1002 1786 posterioribus
1018 1727 1126 1770 forte
1145 1729 1446 1786 pertransitur,

80 1797 156 1839 ubi
176 1805 378 1855 tanquam
401 1797 664 1856 signaculum
688 1797 862 1857 ponitur
889 1797 933 1840 in
957 1797 1100 1840 medio
1122 1797 1214 1856 ejus
1236 1799 1444 1844 Dominus

80 1865 217 1911 Jesus.

141 1939 246 1983 LIV.
282 1939 475 1999 Denique
496 1940 634 1983 statim
658 1940 762 1987 alius
775 1939 990 1998 profectus
1012 1939 1139 1983 Verbi
1163 1942 1442 1994 transeuntis;

52 2048 54 2050 .
84 2010 180 2068 quia
204 2009 329 2053 exivit
362 2010 499 2053 anima
535 2009 577 2052 in
602 2010 732 2053 verbo
755 2008 868 2067 ejus,
901 2008 984 2051 hoc
1018 2017 1104 2060 est,
1139 2010 1315 2054 verbum
1351 2011 1445 2070 ejus

85 2089 228 2125 secuta
249 2080 374 2124 exivit
390 2082 442 2123 de
458 2095 652 2138 corpore,
676 2081 844 2123 elevans
865 2095 909 2123 se
927 2081 979 2122 de
1000 2079 1092 2138 ejus
1112 2080 1378 2134 habitaculo,
1402 2093 1447 2129 et

84 2153 349 2212 peregrinam
375 2166 418 2194 se
445 2150 603 2194 faciens
624 2150 688 2201 ei,
722 2159 770 2194 ut
805 2152 968 2193 adesset
999 2142 1114 2200 Deo,
1143 2160 1186 2194 et
1211 2161 1318 2196 esset
1343 2154 1447 2198 civis

87 2231 342 2277 sanctorum.
373 2221 509 2264 Simul
533 2221 647 2264 enim
675 2230 718 2265 et
746 2221 882 2264 carnis
912 2221 1159 2272 domestici,
1185 2229 1227 2265 et
1251 2223 1329 2265 Dei
1356 2239 1448 2268 esse

87 2308 171 2335 non
185 2306 424 2352 possumus.
447 2291 559 2350 Ergo
580 2293 622 2335 in
639 2292 834 2335 hocloco
847 2291 962 2335 exire
978 2290 1255 2350 significatur,
1278 2302 1326 2337 ut
1344 2294 1447 2345 dixi,

89 2363 251 2413 anima,
276 2363 446 2421 quando
467 2363 641 2406 abducit
670 2379 714 2406 se
742 2378 763 2406 a
785 2362 974 2421 corporis
997 2363 1296 2422 voluptatibus.
1322 2365 1448 2408 Deni-

87 2449 170 2493 que
188 2434 389 2493 scriptum
403 2442 468 2476 est
485 2449 496 2476 ε
513 2452 528 2472 α
541 2433 617 2476 Exi
635 2433 687 2476 de
702 2433 938 2491 Babylone,
956 2431 1119 2491 fugiens
1135 2449 1157 2476 a
1173 2433 1405 2477 Chaldaeis²
1420 2454 1438 2476 ι

88 2505 183 2551 Non
199 2505 344 2564 utique
364 2512 413 2548 ut
434 2504 648 2563 regionem
665 2502 895 2562 Babylonis
916 2503 1118 2547 Hebraeus
1135 2503 1283 2564 fugiat,
1307 2505 1381 2548 sed
1402 2513 1450 2549 ut

129 2599 147 2624 ἱ
163 2596 245 2632 Luc.
261 2608 298 2634 u.
316 2597 372 2632 35.
388 2616 430 2623 -
446 2607 459 2622 ²
478 2596 555 2631 lsai.
578 2606 693 2636 min,
711 2606 762 2631 ιο.

238 2669 302 2699 ιν.
1281 2653 1306 2697 3
