1780 3120
314 237 403 300 '470
652 260 654 262 v
870 254 903 284 s.
940 239 1135 286 inanem

311 332 466 378 nobis?
482 331 679 377 Gaudere
693 332 806 377 enim
819 333 1023 378 debemus
1043 335 1077 378 si
1096 334 1229 379 aliena
1242 334 1453 381 dicantur.
1466 333 1655 383 Primum
1668 370 1681 391 ,

313 406 407 464 quia
422 407 564 449 volens
578 405 775 448 inimicus
793 405 952 464 aliquid
974 408 1196 450 adversum
1215 423 1291 452 nos
1306 407 1447 453 dicere
1462 443 1474 460 ,
1498 407 1584 468 quo
1599 407 1685 455 cri&

308 493 409 522 men
428 476 635 536 affigeret,
667 492 754 519 non
775 476 936 520 invenit
957 480 1072 536 quod
1094 494 1242 522 verum
1268 488 1353 530 est,
1381 481 1457 525 sed
1481 480 1582 527 falsa
1606 496 1684 542 pro

307 547 416 591 veris
434 546 686 606 composuit.
714 547 877 590 Deinde
892 580 904 597 ‚
922 549 1019 606 quia
1039 548 1141 591 dixit
1157 548 1246 607 ipse
1261 548 1470 594 Dominus
1490 551 1534 595 in
1551 552 1686 596 Evan-

310 618 419 678 gelio
451 619 504 662 de
526 618 773 677 hujusmodi
805 618 1100 662 criminatione
1131 635 1225 678 quae
1254 620 1554 666 innocentibus
1579 622 1684 683 falso

308 688 567 748 irrogaretur
587 697 761 748 propter
782 687 987 746 justitiam
1005 705 1014 732 :
1031 708 1047 730 α
1066 690 1259 734 Gaudete
1287 698 1331 735 et
1352 693 1558 745 exultate,
1582 709 1685 754 quo-
1719 728 1720 731 η

306 759 452 803 »niam
470 773 636 803 merces
651 768 788 803 vestra
814 761 949 803 multa
975 769 1038 804 est
1060 760 1103 804 in
1125 760 1275 805 coelo‘.
1291 763 1481 807 »Tacere
1499 777 1599 824 crgo
1616 766 1685 810 de·

304 830 380 874 bet
406 831 478 889 qui
519 832 786 890 recognoscit
815 832 1035 890 objectum
1046 850 1058 883 ;
1091 848 1147 876 ne
1184 835 1338 877 vulnus
1362 840 1611 894 exasperet.
1640 847 1685 881 et

307 901 732 956 scindaturcicatrix
755 918 765 945 ε
793 911 934 946 tacere
957 904 1094 961 etqui
1126 919 1212 948 non
1243 907 1537 965 recognosciu,
1565 909 1682 952 audit

307 973 423 1016 enim
451 973 637 1023 alterius,
661 989 746 1016 non
773 989 914 1025 suum,
939 974 1131 1018 crimen:
1156 977 1273 1034 quod
1294 976 1327 1019 si
1357 977 1528 1029 referat,
1556 994 1681 1022 suum
1710 1002 1720 1014 κ

307 1044 430 1087 facit:
448 1044 481 1087 si
494 1052 647 1098 taceat,
662 1053 899 1103 retorquet,
919 1054 962 1088 et
973 1046 1281 1091 conviciantem
1294 1049 1500 1097 vulnerat.
1521 1049 1682 1097 Tacere

306 1114 433 1157 debet
453 1115 582 1158 etiam
604 1115 673 1158 ille
691 1116 763 1173 qni
782 1118 834 1159 de
856 1125 1090 1167 memorata
1112 1120 1313 1162 mercede
1332 1121 1563 1179 praesumit.
1586 1121 1681 1166 Non

304 1185 418 1228 enim
441 1185 603 1245 patitur
630 1186 950 1244 praejudicinm,
995 1189 1064 1232 cui
1096 1204 1183 1232 non
1210 1198 1273 1232 est
1306 1190 1531 1247 judicium.
1566 1192 1621 1236 Et
1646 1193 1684 1239 si,

301 1255 431 1298 fuerit
450 1256 748 1315 praejudicium
770 1257 813 1299 in
830 1260 1009 1309 saeculo,
1042 1275 1128 1302 non
1150 1260 1231 1303 erit
1249 1261 1292 1303 in
1311 1260 1476 1319 jndicio
1493 1261 1584 1306 Dei.
1601 1262 1681 1310 De-

306 1324 435 1383 nique
448 1334 494 1368 ut
516 1340 747 1384 cognoscas
772 1328 870 1385 quia
895 1343 982 1371 non
1004 1330 1255 1388 praejudicat
1276 1332 1535 1376 contumelia
1556 1332 1679 1377 bonae

308 1394 602 1445 conscientiae,
629 1397 726 1439 audi
762 1406 959 1441 sanctum
981 1399 1065 1442 Job
1094 1400 1331 1448 dicentem,
1354 1401 1678 1463 locupletiorem

301 1464 448 1522 utique
472 1473 621 1508 testem
641 1482 766 1524 qnam
783 1468 816 1509 si
838 1467 1017 1527 imperio
1034 1469 1150 1512 01bis
1164 1470 1346 1514 Romani
1365 1471 1525 1531 potitus
1543 1481 1675 1516 esset.

313 1535 464 1579 «Nunc
486 1536 781 1580 obmutescam
804 1546 847 1580 et
863 1539 1185 1597 derelinquam.
1211 1541 1244 1583 si
1260 1556 1377 1584 nunc
1393 1542 1499 1586 mihi
1519 1542 1672 1619 praeju-

303 1622 320 1645 »
335 1605 493 1648 dicium
509 1613 597 1656 est,
615 1614 717 1650 tunc
736 1623 759 1651 a
773 1607 880 1651 facie
905 1616 977 1653 tua
998 1625 1085 1653 non
1109 1610 1388 1656 abscondar'.
1409 1631 1426 1654 n

358 1677 415 1721 X.
442 1677 542 1720 Haec
562 1693 662 1736 ergo
689 1679 859 1737 parcius
876 1680 920 1723 in
941 1682 1117 1726 exordio
1143 1684 1385 1743 respondit,
1408 1691 1456 1728 ut
1478 1686 1677 1746 admone-

300 1755 366 1790 ret
382 1747 475 1790 illos
491 1746 640 1804 judicii
654 1749 732 1792 Dei
747 1767 758 1798 ‚·
783 1759 909 1809 atque
931 1752 982 1795 ab
996 1753 1219 1797 insolentia
1237 1764 1279 1798 et
1295 1751 1440 1799 furore
1456 1759 1676 1803 revocatos

295 1818 417 1877 quasi
440 1819 577 1862 bonus
607 1821 799 1864 medicus
815 1821 977 1866 faceret
997 1824 1261 1884 resipiscere.
1288 1824 1376 1869 Sed
1395 1833 1674 1886 posteaquam

298 1905 370 1932 eos
394 1890 576 1934 advertit
594 1906 863 1949 perseverare
882 1893 926 1936 in
952 1896 1249 1946 contumeliis,
1280 1898 1403 1956 plura
1428 1897 1578 1943 fortior
1603 1913 1674 1941 re·-

296 1960 463 2018 pefivit,
483 1968 526 2004 et
543 1969 743 2020 tanquam
765 1980 908 2023 pugno
929 1981 1001 2009 cos
1014 1966 1219 2015 validiore
1229 1967 1440 2027 percussit
1453 2001 1465 2018 ‚
1483 1967 1557 2027 qui
1575 1959 1673 2012 ier-

297 2028 453 2075 borum
490 2048 664 2077 suorum
697 2035 803 2077 saxis
838 2036 1084 2095 lapidabant
1114 2038 1351 2085 innoxium.
1369 2057 1385 2080 α
1406 2038 1589 2091 Audite,
1611 2040 1673 2083 in-

296 2121 312 2144 »
326 2105 440 2162 quit„
467 2105 608 2148 audite
629 2106 757 2150 verba
779 2123 899 2158 mea,
921 2124 1007 2152 non
1030 2110 1084 2153 sit
1103 2110 1208 2154 mihi
1228 2127 1250 2154 a
1272 2112 1392 2156 vobis
1414 2110 1671 2159 consolatio-

294 2189 423 2217 »nem
445 2191 634 2234 quaerere
649 2175 662 2198 ³
682 2194 691 2220 :
710 2186 878 2237 portate
903 2194 994 2231 me,
1017 2199 1033 2221 n
1047 2181 1144 2240 qnia
1165 2181 1339 2226 fortiora
1355 2184 1670 2244 loquar:gran

297 2245 378 2289 erit
398 2249 565 2304 pondus
599 2249 828 2292 verborum
850 2266 1058 2296 meorum.
1093 2252 1244 2297 Dicam
1270 2262 1313 2298 et
1332 2270 1410 2314 ego
1431 2255 1668 2306 secundum

296 2315 540 2374 opinionem
572 2328 778 2370 vestram
817 2337 867 2364 eo
898 2325 1013 2382 quod
1033 2323 1156 2369 multi
1179 2325 1398 2372 abundant
1418 2325 1462 2369 in
1483 2325 1566 2369 hoc
1587 2321 1668 2370 sae-4

296 2387 394 2429 culo
417 2403 558 2431 rerum
582 2393 865 2436 secundarum
887 2395 1179 2448 successibus,
1202 2404 1245 2439 et
1261 2397 1329 2440 alii
1356 2398 1594 2458 gravantur.
1616 2397 1665 2442 Iu

292 2471 480 2502 aerumna
497 2461 623 2519 periti
638 2471 763 2514 sunt,
785 2472 828 2508 et
855 2465 1022 2509 videtur
1036 2466 1119 2511 hoc
1132 2469 1370 2511 secundum
1385 2467 1662 2528 peccatorum

291 2529 444 2573 merito
461 2530 626 2576 deferri.
647 2534 775 2587 Quod
792 2543 834 2579 et
850 2536 883 2579 si
907 2537 1046 2581 dicam
1062 2570 1074 2589 ,
1097 2538 1229 2582 nolite
1246 2537 1385 2582 ridere
1403 2539 1522 2598 quasi
1539 2538 1660 2583 vobis

334 2630 343 2645 ¹
364 2622 488 2659 Matth.
505 2636 539 2666 ν,
562 2636 610 2660 12.
631 2644 672 2653 —
685 2635 700 2653 ·
716 2627 792 2663 Job.
810 2639 884 2671 nn,
902 2642 953 2674 19,
970 2640 1023 2670 ιο.
1038 2631 1108 2659 ·-·³
1127 2630 1181 2668 Id.
1196 2642 1264 2671 xxi,
1284 2641 1315 2670 1,
1329 2636 1361 2666 et
1377 2641 1472 2676 seqq.
