1780 3120
293 197 350 249 46
837 203 868 231 s.
907 202 1102 231 aunnosn

294 289 411 331 »lum
432 286 474 327 in
490 281 711 326 brachium
728 278 892 322 tuum¹.
918 297 933 318 »
948 278 1222 336 Signaculum
1245 278 1436 322 Christus
1459 280 1500 322 in
1517 274 1657 325 fronte

297 365 382 406 est,
415 353 675 412 signaculum
701 350 741 391 in
766 349 905 390 corde.
934 349 981 389 In
1003 348 1165 396 fronto,
1193 356 1238 390 ut
1265 364 1433 407 semper
1460 349 1659 394 confitea-

294 442 391 471 mur
411 441 419 467 :
442 426 482 466 in
500 424 627 465 corde
641 454 652 471 ‚
673 429 719 462 ut
742 435 908 477 semper
932 419 1153 476 diligamus
1173 434 1183 460 ε
1213 419 1478 478 signaculum
1499 421 1542 464 in
1563 422 1660 482 hras-

297 497 408 544 chio‚
428 503 475 537 nt
497 507 662 550 semper
678 504 916 548 operemur.
939 488 1099 531 Luceat
1116 505 1214 546 ergo
1234 489 1370 549 imago
1388 491 1478 548 ejus
1496 492 1538 534 in
1561 507 1661 550 cou—
1682 514 1690 519 ·

292 566 472 611 sessione
501 571 664 610 nostra,
692 563 831 602 luceat
863 559 903 600 in
938 558 1188 608 dilectione,
1217 561 1357 603 luceat
1389 561 1432 604 in
1460 562 1659 619 operibus

295 645 338 679 et
354 635 470 678 sactis
490 651 501 682 3
527 641 572 676 ut
588 633 620 674 si
642 631 730 673 sieri
753 637 904 688 potest,
930 636 1017 670 tota
1039 628 1132 685 ejus
1155 630 1317 687 species
1341 632 1660 691 exprimaturin

295 706 432 751 nobis.
467 705 561 762 Ipse
586 703 638 745 sit
659 709 786 759 caput
807 708 1024 749 nostrum,
1053 700 1150 756 quia
1175 709 1303 759 caput
1327 701 1404 745 viri
1433 701 1624 747 Christus
1645 719 1655 746 ε

298 776 387 833 ipse
409 776 555 817 oculus
581 779 746 821 noster,
780 779 827 812 ut
860 785 935 827 per
956 770 1074 810 illum
1105 769 1322 813 videamus
1343 771 1542 814 Patrem:
1571 773 1662 831 ipse

295 860 375 888 vox
391 851 547 890 nostra,
571 857 648 900 per
669 856 796 897 quem
817 842 1044 896 loquamur
1062 841 1113 881 ad
1132 839 1301 883 Patrem
1322 856 1332 883 z
1358 841 1446 904 ipse
1470 843 1658 895 dextera,

297 929 373 972 per
393 926 518 969 quem
542 912 630 953 Deo
656 909 768 952 Patri
791 908 1046 951 sacrificium
1069 917 1261 952 nostrum
1286 910 1524 955 deseramus
1544 913 1665 971 :ipse

298 989 535 1039 quoqueest
546 980 807 1038 signaculum
817 987 1025 1029 nostrum,
1037 981 1149 1037 quod
1160 988 1222 1022 est
1235 981 1502 1038 perfectionis
1512 991 1555 1026 et
1565 983 1661 1026 cha-

296 1052 431 1095 ritatis
457 1051 644 1108 insigne,
671 1049 767 1107 quia
790 1049 966 1107 diligens
991 1050 1113 1092 Pater
1135 1050 1313 1109 signavit
1342 1051 1522 1103 Filium,
1552 1053 1662 1097 sicut

296 1122 476 1180 legimus
495 1137 504 1163 :
535 1139 550 1159 «
572 1121 709 1172 Quem
731 1120 856 1163 Pater
877 1121 1055 1178 signavit
1079 1121 1192 1165 Deus
1208 1122 1239 1166 ².
1264 1141 1279 1163 n
1308 1123 1501 1171 Charitas
1521 1125 1662 1183 itaque
1691 1187 1694 1191 U

297 1200 439 1235 nostra
464 1190 667 1233 Christus.
701 1191 819 1234 Bona
853 1191 1055 1240 charitas,
1078 1195 1249 1250 quando
1279 1194 1433 1239 obtulit
1461 1195 1588 1241 morti
1615 1212 1660 1240 se

297 1277 375 1321 pro
397 1261 558 1304 delictis
574 1261 726 1303 nostris
747 1275 757 1303 t
782 1262 893 1304 bona
916 1262 1114 1313 charitas,
1140 1266 1233 1321 quae
1254 1273 1427 1322 peccata
1451 1266 1625 1311 remisit.

354 1330 546 1374 LXXVI.
580 1331 632 1373 Et
664 1331 757 1372 ideo
793 1330 932 1374 anima
963 1341 1107 1375 nostra
1142 1334 1291 1377 induat
1318 1334 1592 1386 charitatem.
1618 1345 1661 1381 et

297 1400 546 1443 charitatem
568 1399 812 1455 hujusmodi
836 1416 928 1458 quae
959 1402 1011 1444 sit
1033 1403 1167 1446 valida
1186 1401 1247 1447 'ut
1269 1402 1405 1454 mo'rs;
1431 1406 1528 1463 quia
1550 1406 1662 1453 sicut

294 1485 409 1515 mors
438 1469 531 1512 finis
555 1477 828 1527 peccatorum
848 1478 934 1521 est,
963 1471 1019 1514 ita
1051 1481 1094 1515 et
1127 1474 1333 1525 charitas;
1363 1477 1563 1533 quoniam
1588 1477 1660 1535 qui

295 1540 431 1597 diligit
451 1540 680 1582 Dominum
697 1572 708 1589 ‚
735 1555 912 1598 peccare
937 1542 1088 1585 desinit
1107 1559 1116 1586 ε
1143 1544 1326 1588 charitas
1347 1546 1461 1588 enim
1479 1562 1565 1590 non
1585 1563 1661 1590 co-

290 1609 395 1667 gitat
423 1611 604 1658 malum,
639 1625 778 1667 neque
803 1612 959 1668 gaudet
985 1628 1112 1670 super
1142 1614 1385 1672 iniquitate,
1421 1612 1499 1659 sed
1517 1617 1660 1667 omnia

293 1679 483 1722 sustinet.
508 1678 613 1721 Nam
631 1679 703 1739 qui
725 1695 772 1722 ea
795 1696 888 1738 quae
911 1697 985 1724 sua
1011 1692 1109 1726 sunt
1137 1699 1223 1727 non
1247 1685 1416 1743 quaerit,
1443 1688 1660 1753 quomodo
1695 1731 1698 1735 ,

296 1749 431 1791 aliena
459 1749 644 1806 quaeret?
664 1750 738 1793 Est
757 1759 799 1794 et
818 1767 933 1795 mors
964 1747 1031 1796 illa
1053 1755 1189 1798 valida
1218 1772 1294 1815 per
1317 1746 1561 1810 lavacrum,
1583 1774 1661 1818 per

296 1832 423 1875 quam
448 1827 670 1876 peccatum
691 1829 818 1863 omne
841 1823 1065 1880 sepelitur,
1083 1833 1125 1868 et
1142 1826 1266 1885 culpa
1288 1826 1525 1877 dimittitur.
1545 1829 1660 1876 Talis

292 1897 382 1931 erat
412 1888 592 1931 charitas
623 1905 750 1947 quam
778 1891 993 1936 deferebat
1021 1897 1263 1954 evangelica
1294 1893 1372 1940 illa
1389 1898 1573 1949 mulier.
1605 1897 1659 1945 de

294 1973 377 2016 qua
400 1959 604 2002 Dominus
623 1960 708 2003 ait:
725 1977 740 1999 «
762 1961 949 2005 Remissa
968 1973 1066 2007 sunt
1082 1974 1255 2024 peccata
1272 1967 1364 2025 ejus
1385 1970 1534 2020 multa,
1558 1984 1662 2030 quo-

294 2047 313 2070 ι
327 2029 438 2072 niam
461 2029 604 2071 dilexit
624 2031 835 2073 multum³
846 2065 855 2075 .
880 2051 896 2072 ι)
909 2033 984 2076 Est
1000 2043 1042 2077 et
1059 2035 1128 2078 illa
1145 2051 1261 2080 mors
1280 2045 1526 2081 sanctorum
1544 2038 1660 2086 M'ar-

296 2106 441 2156 tyrum
461 2099 541 2142 vali
545 2101 621 2149 da,
641 2115 733 2157 quae
752 2103 920 2160 culpam
944 2104 1085 2148 abolet
1106 2107 1394 2165 superiorem,·
1412 2117 1455 2152 et
1475 2109 1571 2166 ideo
1594 2125 1660 2153 va·
1701 2111 1704 2116 ’

292 2169 378 2213 lida
395 2202 404 2217 ‚
430 2168 551 2226 cujus
572 2184 657 2212 non
687 2170 825 2230 impar
843 2182 907 2216 est
929 2175 1133 2228 charitas,
1157 2193 1250 2235 quae
1277 2181 1524 2237 adaequatur
1543 2180 1661 2225 Mar-
1685 2177 1689 2186 ¹

296 2246 437 2296 tyrum
458 2240 667 2297 passioni,
695 2250 741 2284 ut
762 2243 922 2287 auferat
949 2245 1149 2290 meritum
1168 2248 1435 2293 delictorum.

352 2308 562 2351 LXXVII.
597 2309 723 2353 Zelus
745 2327 913 2371 quoque
934 2324 982 2358 ut
1003 2316 1149 2359 inferi⁶
1165 2318 1405 2375 3quoniam
1426 2320 1500 2378 qui
1520 2321 1659 2371 zelum

294 2377 373 2422 Dei
390 2378 539 2428 habet,
569 2394 646 2437 pro
668 2381 836 2427 Christo
858 2400 939 2428 nec
961 2387 1046 2429 suis
1067 2388 1215 2453 parcit.
1249 2388 1396 2447 Itaque
1411 2397 1454 2434 et
1474 2399 1659 2458 mortem

295 2447 425 2492 habet
442 2447 651 2500 charitas,
676 2459 719 2494 et
741 2454 878 2497 zelum
899 2455 1028 2499 h‘abet
1051 2447 1260 2509 charitas,
1284 2466 1328 2502 et
1350 2458 1468 2503 alas'
1457 2460 1564 2520 ignis
1580 2460 1660 2505 ha-

340 2546 351 2565 1
370 2539 467 2574 Cant.
484 2550 560 2582 vm,
578 2540 612 2576 6.
631 2559 670 2568 —
687 2551 703 2569 υ
720 2543 818 2582 Joan.
834 2556 883 2590 vi,
902 2559 957 2594 ²7·
979 2566 1022 2576 —
1036 2550 1052 2577 ⁸
1065 2549 1147 2587 Luc.
1158 2561 1220 2592 τιι,
1234 2551 1291 2598 ⁴7·
1304 2570 1347 2579 -
1363 2554 1375 2583 ⁴
1389 2539 1488 2589 cant.
1502 2538 1576 2593 ((111.
1586 2535 1624 2589 6ss
