1780 3120
341 274 395 303 mx
425 273 553 303 neon
584 270 641 302 ιτ
663 269 774 301 -vxn
792 268 962 300 «ηιτᾼ.
1000 268 1082 300 ιιι.
1118 271 1149 300 1.
1346 253 1439 317 14²9

58 355 197 400 sidera
228 352 427 398 affectum
459 351 662 411 patrium.
699 350 827 406 Quod
853 350 1022 411 pietatis
1059 358 1148 401 est,
1185 349 1304 408 quasi
1334 365 1432 394 mo-

58 424 184 470 rituri
228 425 327 469 Filii
365 424 554 484 suscepit
589 423 854 483 periculum,
901 421 1020 482 quasi
1057 421 1250 466 orbitatis
1287 421 1440 466 hausit*

59 496 250 539 dolorem
268 529 280 546 ,
298 510 352 539 ne
368 494 447 539 tibi
464 495 623 555 periret
638 494 802 539 fructus
813 493 1130 552 redemptionis.
1151 494 1335 536 Tantum
1351 493 1434 537 suit

55 567 241 611 Domino
256 566 446 610 studium
468 574 552 610 tnae
568 564 730 617 salutis,
752 573 801 610 ut
814 565 1126 626 propemodum
1151 565 1203 607 de
1226 580 1302 607 suo
1322 564 1437 623 peri-

60 638 298 689 clitaretur,
331 639 435 682 dum
467 646 510 681 te
541 638 794 681 lucraretur.
833 637 909 680 Ille
932 644 1107 695 propter
1135 644 1178 679 te
1209 635 1442 694 dispendia*

54 717 198 754 nostra
220 710 433 770 suscepit,
457 718 505 754 ut
524 718 567 754 te
589 709 741 753 divinis
762 708 993 758 insereret,
1019 706 1261 750 coelestibus
1283 721 1438 750 conse2

57 789 208 824 craret.
242 780 348 824 Mire
373 780 502 824 etiam
526 780 690 824 addidit
718 793 763 823 :t
782 779 865 822 P'ro
887 777 1011 821 nobis
1031 777 1230 820 omnibus
1253 778 1433 821 tradidit

54 870 72 891 n
86 850 258 901 illum¹3
280 859 359 895 »ut
377 852 624 895 ostenderet
648 849 763 909 quod
779 849 836 906 ita
861 864 1009 892 omncs
1030 846 1199 907 diligat,
1221 856 1271 891 ut
1293 847 1430 891 dilec-

53 922 266 966 tissimum
288 921 368 966 sibi
386 921 543 966 Filium
556 937 634 982 pro
654 921 831 980 singulis
850 919 1049 963 traderet.
1075 920 1159 963 Pm
1178 919 1333 977 quibus
1347 918 1442 977 igi·-

55 998 125 1035 tu'r
149 994 264 1051 quod
283 1008 412 1051 super
431 993 575 1035 omnia
597 1001 661 1035 est
682 991 822 1042 dedit,
847 1000 986 1050 potest
1003 990 1096 1033 fieri
1119 999 1167 1033 ut
1184 1005 1271 1033 non
1288 990 1330 1032 in
1352 990 1431 1032 illo

54 1063 249 1106 universa
272 1062 522 1106 donaverit?
542 1061 659 1106 Nihil
676 1062 792 1104 enim
807 1061 998 1120 excepit,
1017 1060 1090 1118 qui
1106 1060 1298 1102 omnium
1320 1073 1428 1102 con-

54 1115 186 1175 cessit
206 1140 441 1176 auctorem.

107 1201 266 1246 XXVI.
294 1202 410 1247 Nihil
427 1211 490 1246 est
515 1202 645 1262 igitur
669 1202 786 1262 quod
808 1201 953 1261 negari
973 1216 1096 1262 posse
1128 1201 1254 1245 nobis
1282 1216 1434 1245 verea-

50 1285 150 1316 mur
168 1290 179 1315 :
198 1273 306 1317 nihil
320 1282 384 1318 est
398 1274 442 1317 in
459 1290 544 1333 quo
561 1274 615 1318 de
634 1273 1104 1333 munificentiaeJdivinae
1121 1272 1313 1316 diffidere
1329 1288 1437 1332 per--

50 1345 285 1388 severantia
317 1345 574 1396 debeamus,
611 1345 736 1404 cujus
771 1345 852 1389 suit
886 1354 975 1389 tam
1006 1344 1207 1387 diuturna
1240 1352 1283 1387 et
1313 1342 1436 1402 jugis

49 1415 223 1459 ubertas
234 1433 248 1466 ς
270 1424 319 1460 ut
338 1417 479 1476 primo
499 1416 844 1476 praedestinaret,
869 1415 1023 1459 deinde
1040 1423 1209 1458 vocaret
1221 1432 1233 1464 ;
1252 1423 1296 1457 et
1316 1429 1433 1472 qnos

47 1493 248 1536 vocaret,
269 1485 349 1530 hos
381 1494 427 1530 et
442 1484 722 1544 'justificareu
755 1494 798 1530 et
820 1501 926 1545 quos
949 1485 1224 1542 justificaret,
1257 1485 1337 1528 hos
1376 1491 1431 1527 et·

49 1554 314 1599 clarificaret.
358 1557 519 1600 Poterit
557 1557 752 1600 deserere
789 1572 896 1616 qnos
922 1558 1047 1601 tantis
1081 1555 1300 1600 beneficiis
1337 1553 1429 1598 suis

3 1653 7 1656 >
46 1639 184 1684 nsque
207 1627 262 1669 ad
282 1626 455 1686 praemia
474 1637 727 1684 prosecutus
756 1636 821 1671 est
836 1628 857 1669 Ρ
879 1630 996 1669 luter
1024 1636 1089 1669 tot
1109 1626 1318 1671 beneficia
1341 1626 1429 1671 Dei

46 1708 155 1740 num
179 1697 420 1740 metuenda:
440 1703 539 1739 sunt
557 1696 707 1754 aliquae
729 1696 987 1740 accusatoris
1011 1696 1171 1740 insidiae
1188 1695 1306 1740 PSed
1327 1697 1436 1756 quis«-

48 1767 202 1810 audeat
229 1781 428 1810 accusare
450 1781 557 1825 qnos
576 1768 737 1811 electos
765 1767 908 1811 divino
930 1768 1067 1812 cernit
1081 1762 1243 1826 judicio
1267 1768 1287 1811 Ρ
1309 1769 1432 1813 Νυιιῐ

14 1835 26 1883 ⁴,
44 1835 162 1880 neus
182 1836 307 1881 Pater
325 1837 416 1896 ipse
431 1837 505 1896 qui
528 1839 709 1882 contulit
722 1871 736 1889 ,
767 1847 909 1898 potest
929 1841 1039 1883 dona
1056 1854 1131 1883 sua
1149 1839 1391 1884 rescindere
1402 1857 1431 1891 ζ

21 1910 31 1914 ’
46 1916 91 1952 et
116 1923 223 1966 quos
243 1909 473 1968 adoptione
493 1911 703 1969 suscepit,
735 1926 809 1954 eos
839 1926 860 1953 a
884 1912 1053 1970 paterni
1074 1904 1252 1954 affectus
1284 1912 1442 1969 gratia-

0 2015 2 2017 >
44 1979 268 2039 megan-e?
297 1979 383 2024 Sed
404 1989 545 2025 metus
563 1989 628 2024 est
643 1997 698 2024 ne
726 1981 871 2040 judex.
886 1981 1071 2025 severior
1088 1982 1155 2025 sit.
1188 1982 1422 2026 Considera

0 2047 2 2098 ἰ
46 2065 175 2109 quem
207 2051 399 2109 judicem
431 2051 603 2096 habeas.
638 2051 802 2111 Nempe
820 2051 991 2095 Christo
1007 2051 1126 2095 dedit
1145 2052 1271 2096 Pater
1291 2048 1430 2096 omne·

22 2121 268 2197 gjudicium.
294 2121 456 2166 Poterit
475 2130 519 2166 te
554 2138 656 2182 ergo
676 2122 1001 2174 illedamnare,
1026 2137 1155 2182 quem
1189 2123 1372 2167 redemit
1394 2137 1430 2166 a·

20 2189 211 2241 'morte,
233 2207 311 2251 pro
339 2206 424 2251 quo
448 2207 495 2236 se
525 2193 705 2245 obtulit,
729 2193 852 2253 cujus
878 2194 1009 2237 vitam
1031 2208 1116 2238 snae
1133 2194 1284 2237 mortis
1300 2208 1429 2237 mer--

46 2263 198 2306 cedem
226 2272 318 2307 esse
355 2264 575 2323 cognoscit
592 2259 792 2309 P'Nonne
819 2265 964 2309 dicet:
986 2275 1006 2305 ι’
1031 2265 1139 2318 Quae
1176 2265 1337 2312 utilitas
1372 2265 1426 2308 in

47 2334 250 2393 sanguine
259 2333 398 2386 meo',
416 2353 434 2376 ι
446 2335 482 2379 si
500 2334 655 2380 damno
671 2350 800 2397 quem
817 2338 907 2397 ipse
927 2335 1082 2380 salvavi
1100 2336 1122 2380 Ρ
1138 2328 1302 2380 Deinde
1319 2351 1432 2380 con*

47 2400 206 2449 sideras
233 2405 448 2463 judicem,
479 2421 567 2451 non
598 2408 842 2453 consideras
870 2407 1137 2452 advocatum.
1165 2403 1310 2451 Potest
1339 2407 1428 2451 iste—

46 2473 277 2519 saeviorem
294 2476 404 2521 serre
426 2479 679 2523 sententiam
692 2513 705 2530 ,
737 2479 810 2539 qui
832 2479 1103 2540 interpellare
1127 2471 1214 2521 non
1237 2476 1433 2527 desinit„

19 2560 29 2569 ·
45 2551 97 2589 ut
115 2548 306 2606 ‘paternae
327 2548 686 2594 reconciliationis
706 2550 750 2594 in
770 2565 847 2595 nos
868 2550 1110 2595 conseratur
1128 2548 1260 2608 gratia
1278 2548 1301 2592 i>

94 2646 106 2661 ¹
125 2637 220 2672 Rom.
236 2649 316 2677 vm,
333 2639 391 2675 32.
406 2658 447 2667 —-
464 2648 478 2665 ⁸
497 2641 583 2676 Psal.
596 2653 687 2682 xxix,
701 2653 752 2678 ιο.
