1780 3120
275 272 358 315 552
884 281 1022 310 1Nnnx.

270 363 379 398 citur
394 362 440 395 VI
445 361 476 394 1.
495 359 677 394 Emendato
692 368 804 392 errore
819 356 926 392 David
942 359 1031 392 huno
1046 367 1146 391 unum
1167 357 1312 391 laborem
1325 357 1386 391 sibi
1404 367 1533 402 cognos-

313 417 357 450 cit
377 425 558 460 superesse,
576 419 613 448 ut
626 414 827 456 ingrediatur
838 413 872 446 in
885 413 980 457 adyta
994 412 1112 445 divinae
1123 411 1330 455 cognitionis.
1345 413 1454 447 Sancti
1464 420 1534 457 pro·

314 481 422 515 gressu
434 468 537 503 aetatis
549 468 647 501 finem
661 478 754 500 suum
776 467 858 500 scire
873 467 1079 506 desiderant,
1104 471 1138 500 et
1153 466 1226 510 quis
1242 466 1296 499 ille
1310 467 1373 500 sit?
1389 466 1532 501 Primam

313 534 423 557 veram
445 522 664 566 cognitionem
678 521 763 554 hanc
777 531 862 560 esse,
880 531 942 565 qua
959 520 1120 554 credimus
1135 530 1289 564 prospera
1317 520 1474 565 improbis
1496 521 1537 554 ad
1666 550 1694 559 X

314 577 376 610 hoc
399 581 525 609 tantum
540 584 708 613 concessa,
741 578 778 606 ut
806 584 918 606 eorum
946 572 1170 606 excusationes
1201 572 1424 606 excludantur.
1453 572 1534 606 Eos-

317 630 391 663 dem
405 630 481 662 dum
505 628 565 662 Dei
587 627 751 661 beneficiis
778 627 959 662 allevantur
971 652 980 666 ,
995 627 1091 670 dejici
1105 637 1140 660 ac
1157 637 1287 670 prorsus
1303 627 1407 668 redigi
1429 627 1470 661 ad
1485 626 1535 660 ni-

316 684 429 717 hilum.
1574 682 1637 726 495

272 739 381 772 Cum·
393 738 437 774 Vl
446 737 498 770 11.
513 737 636 781 Impios
649 735 682 768 in
698 736 835 769 interitu
846 745 904 768 suo
918 745 992 768 cum
1003 735 1128 768 somnio
1137 735 1220 769 bene
1234 736 1431 780 comparari.
1449 735 1538 779 quod

315 803 432 835 nempe
457 791 573 824 animae
602 791 731 822 illorum
759 789 912 822 omnibus
932 789 1027 823 bonis
1049 800 1156 823 vacuae
1181 792 1407 833 reperiantur:
1429 794 1462 823 et
1485 799 1539 822 eo-

317 847 466 879 rumdem
495 845 675 878 tenebrosae
702 843 856 887 imagines
886 855 905 877 e
935 843 1058 877 lumine
1084 844 1221 879 coelestis
1239 844 1445 878 Hierusalem
1477 843 1535 877 de-

319 900 458 933 leantur.
1582 899 1645 944 495

278 954 387 987 Cuni-
403 954 469 986 lx.
483 953 679 997 Prophetam
688 952 874 996 cognitione
883 952 1001 986 divinae
1013 953 1227 997 providentiae
1235 958 1412 986 recreatum
1423 953 1546 998 3ipsum

324 1013 355 1041 et
369 1018 442 1040 cum
458 1017 496 1040 eo
511 1017 622 1040 omnes
634 1006 782 1040 homines
793 1007 1035 1050 comparatione
1054 1006 1234 1040 coelestium
1253 1006 1376 1040 civium
1393 1008 1548 1050 iumentis

320 1062 408 1095 haud
420 1072 486 1095 esse
502 1061 661 1094 absimiles
674 1073 684 1099 ;
696 1061 825 1094 eosdem
840 1066 947 1094 tamen
965 1062 1027 1095 Dei
1043 1062 1145 1106 gratia
1158 1062 1198 1095 ad
1214 1062 1390 1096 humanam
1403 1062 1545 1096 revocari
1574 1062 1580 1068 ⁴

316 1116 518 1160 dignitatem.
1585 1116 1650 1160 497

269 1173 383 1205 CAPUT
397 1173 442 1204 X.
461 1172 497 1204 Si
524 1173 610 1204 Deus
627 1170 722 1204 nobis
741 1171 782 1204 ad
798 1171 967 1205 dexteram
991 1182 1056 1204 non
1081 1171 1180 1205 fuerit
1192 1195 1202 1212 ,
1223 1182 1295 1205 eum
1316 1172 1423 1205 locum
1438 1182 1456 1205 a
1480 1171 1547 1205 dia-

315 1227 392 1259 bolo
406 1231 596 1270 occupatum
613 1226 652 1258 iri
666 1249 676 1266 ‚
691 1226 787 1259 sicuti
803 1227 911 1270 primo
927 1227 1053 1270 parenti
1079 1227 1236 1270 contigit:
1254 1238 1327 1260 cum
1346 1226 1441 1270 hujus
1456 1226 1543 1260 vices

317 1286 426 1324 ageret
443 1280 611 1320 Christus,
630 1291 703 1313 eum
719 1280 780 1312 sibi
796 1281 835 1312 ad
853 1281 1019 1313 dexteram
1036 1281 1215 1314 daemonem
1225 1281 1371 1315 statuisse
1386 1304 1397 1322 ,
1411 1292 1476 1325 quo
1491 1281 1541 1325 ip-

318 1346 385 1369 sum
403 1335 570 1378 gloriosius
587 1340 807 1378 prosterneret
823 1347 831 1371 ;
845 1341 1007 1379 postremo
1027 1337 1180 1370 maximas
1193 1337 1350 1371 utilitates
1368 1337 1409 1371 ad
1424 1347 1478 1370 eos
1494 1347 1542 1370 re·

317 1391 405 1430 dire,
419 1390 535 1434 quibus
547 1390 587 1422 ad
599 1390 763 1422 dexteram
775 1390 902 1423 steterit
915 1390 1078 1423 Christus.
1583 1391 1650 1435 498

272 1448 382 1479 Gnur
409 1446 476 1478 XI.
509 1444 665 1477 Davidem
693 1444 892 1487 possessione
919 1445 980 1478 Dei
1005 1452 1195 1480 contentum
1219 1446 1302 1480 nibil
1325 1452 1443 1491 praeter
1469 1458 1543 1481 eum

317 1506 490 1544 exoptare3
509 1500 628 1532 debere
642 1499 728 1532 enim
745 1504 874 1532 terrena
902 1500 1002 1532 deleri
1019 1500 1202 1539 oblivione,
1227 1506 1263 1535 ut
1285 1502 1457 1536 succedant
1479 1513 1543 1535 coe-

320 1555 410 1589 lestia
422 1579 432 1596 ‚
447 1560 544 1598 atque
559 1554 655 1587 etiam
668 1553 709 1586 ad
717 1554 822 1586 Deum
838 1554 894 1598 qui
908 1554 1069 1588 neminem
1081 1554 1208 1599 repellit
1218 1560 1425 1594 ,accedatur.
1443 1566 1461 1589 a
1475 1566 1540 1601 quo

317 1610 423 1653 pravis
437 1614 565 1643 tantum
578 1607 757 1642 actionibus
771 1608 963 1642 recedimus.
1583 1611 1646 1642 500

276 1750 616 1781 Auuorruonss.
1442 1767 1444 1769 -
1581 1747 1643 1779 ⁵03

270 1803 618 1835 Conconnnvrm.
1580 1800 1640 1832 531

773 2167 964 2196 EXPLICIT
999 2167 1136 2196 mmzx.

1770 2938 1780 3120 mne-m.
