1780 3120
364 238 418 267 DE
450 236 599 269 JOSBPB
631 232 913 266 rA'tnuncna.
953 237 1073 266 unna
1105 237 1221 267 111(ΰὸ-
1392 237 1478 280 299

114 313 409 374 interrogavit:
433 332 451 354 ι
463 313 542 357 Hic
562 313 693 357 frater
710 322 849 357 vester
857 321 932 356 est
952 311 1281 357 adolescentior¹
1295 310 1345 356 P»
1357 311 1479 357 Con-

113 385 294 429 suetudo
314 393 357 428 et
375 385 507 444 gratia
531 383 748 428 charitatis
769 392 856 434 est,
881 392 930 427 ut
953 384 1132 428 dilectos
1150 384 1275 427 nobis
1297 391 1384 427 non
1406 398 1480 428 so-

113 456 205 500 lum
219 455 370 506 oculis,
385 454 460 499 sed
470 445 598 499 etiam
609 470 805 499 sermone
815 463 1048 499 teneamus.
1067 455 1307 513 Agnoverat
1316 453 1478 515 Joseph

116 525 318 569 dilectum
345 540 470 569 suum
487 541 500 567 ε
531 527 607 570 sed
626 525 723 570 ideo
742 525 1052 585 interrogabat,
1085 532 1134 568 ut
1153 540 1283 583 quem
1305 526 1479 570 tenebat

117 595 283 640 animus
306 611 388 640 vox
410 605 592 641 sonaret.

167 665 300 710 LVII.
335 666 528 725 Denique
557 682 644 711 non
674 668 912 726 expectavit
941 675 990 711 ut
1018 668 1374 726 responderetur:
1406 668 1483 711 sed

118 736 324 780 continuo
354 737 569 780 benedixit
602 753 702 781 eum
717 771 729 787 ‚
773 747 817 781 et
857 737 1053 781 turbatus
1087 746 1152 780 est
1187 736 1384 781 desiderii
1419 736 1483 779 sui

115 808 271 852 stacta.
304 806 662 865 «Torquebantur
682 816 823 851 autem
845 808 1005 851 viscera
1025 806 1144 865 ejus¹
1164 823 1177 856 3
1194 825 1212 848 r
1240 808 1337 865 quia
1363 822 1484 851 com-

122 878 336 937 plectendi
362 876 457 936 ejus
478 892 606 936 quem
632 879 966 927 desideraverat,
996 878 1169 921 libertas
1190 878 1479 922 differebatur.

122 948 316 1006 Denique
329 979 342 997 ,
365 965 382 987 ι
398 948 613 1006 Ingressus
642 949 687 991 in
722 948 1061 1007 promptuarium
1082 948 1263 1007 ploravit
1277 982 1290 998 ,
1324 955 1368 991 et
1386 949 1489 992 lavit

123 1037 142 1059 ι
153 1018 305 1061 faciem
317 1032 454 1068 snam,
470 1026 515 1060 et
530 1018 796 1061 continuitse
808 1018 839 1061 ⁸.
853 1037 870 1058 ι
883 1019 1065 1061 Grandis
1082 1019 1236 1061 amoris
1251 1019 1387 1062 aculei
1402 1019 1491 1062 cito

126 1089 255 1131 corda
275 1097 593 1148 compungunt,
624 1088 704 1132 nisi
725 1089 923 1132 desiderii
945 1088 1063 1131 frena
1082 1090 1290 1132 laxentur.
1328 1089 1487 1133 Vince-

124 1159 252 1202 hatur
260 1158 599 1218 affectu-Ioseph,
613 1158 889 1205 differebatur
898 1159 1075 1203 consilio
1087 1175 1098 1202 ε
1114 1159 1222 1202 ratio
1230 1174 1332 1203 cum
1343 1153 1488 1203 amore

122 1229 327 1273 certabat.
356 1229 515 1278 Flevit,
548 1237 597 1272 ut
612 1230 768 1273 amoris
782 1230 840 1290 pii
854 1238 981 1273 aestus
995 1229 1195 1288 lacrymis
1214 1238 1483 1289 temperaret.

126 1301 228 1343 flaec
246 1292 478 1343 moraliter.
1161 1295 1163 1297 ’

183 1369 330 1414 LV-llI.
363 1369 540 1428 Mystice
565 1379 720 1414 autem.
763 1371 877 1414 Vidit
905 1371 1112 1414 Dominus
1138 1371 1263 1414 Jesus
1292 1371 1489 1418 Paulum,

129 1440 241 1483 oculi
259 1439 374 1484 enim
395 1441 566 1484 Domini
585 1457 713 1500 super
726 1441 751 1484 J
756 1450 887 1491 ustos,
912 1450 956 1484 et
975 1441 1081 1484 dixit
1100 1457 1111 1482 t
1127 1459 1144 1480 ι
1160 1441 1239 1484 Hic
1259 1433 1494 1483 frater-*ves-

129 1530 146 1551 ι
160 1519 226 1554 ter
244 1519 309 1554 est
328 1510 691 1556 adolescentior?»
715 1512 868 1556 Adhuc
890 1511 1199 1555 adolescentior
1220 1511 1394 1560 dicitur,
1421 1510 1494 1568 qui

130 1583 320 1625 nondum
340 1591 550 1626 maturam
571 1598 687 1626 canae
707 1582 807 1626 fidei
828 1584 1000 1642 gerebat
1021 1592 1206 1631 aetatem,
1230 1583 1425 1625 nondum
1448 1582 1493 1624 in

130 1651 268 1694 virum
304 1652 541 1710 perfectum
572 1662 830 1703 excreverat,
859 1673 876 1693 ι
898 1655 947 1696 In
977 1654 1118 1702 illam,
1158 1652 1267 1695 sicut
1299 1652 1388 1711 ipse
1418 1651 1491 1700 ait,

132 1741 149 1762 ι
162 1737 403 1766 mensuram
420 1724 555 1767 aetatis
573 1724 847 1783 plenitudinis
875 1724 1031 1767 Christi
1042 1723 1072 1767 ⁸.
1094 1743 1110 1763 ι
1122 1723 1316 1780 Denique
1334 1723 1496 1765 adoles-

133 1807 233 1835 cens
256 1793 410 1851 legitur
431 1802 596 1838 tantum
618 1795 697 1845 ibi,
723 1796 795 1838 ubi
814 1795 1093 1853 lapidantium
1114 1793 1380 1852 Stephanum
1402 1808 1498 1835 ves-

134 1861 308 1905 timenta
334 1864 570 1908 servabat⁵.
601 1865 655 1907 Et
678 1865 776 1908 ideo
790 1865 1084 1908 Philemonem
1099 1879 1185 1906 non
1202 1862 1499 1907 adolescentiae

135 1932 264 1982 suae‘,
290 1933 376 1977 Sed
402 1935 630 1978 senectutis
661 1936 843 1978 similem
869 1950 961 1978 esse
982 1934 1203 1992 cupiebat,
1228 1942 1276 1975 ut
1293 1933 1463 1991 scripsit
1483 1947 1496 1976 :

147 2003 308 2062 nMagis
343 2005 538 2054 obsecro,
573 2021 674 2048 cum
711 2005 767 2048 sis
803 2005 899 2048 talis
922 2013 972 2047 ut
990 2005 1146 2047 Paulus
1165 2003 1336 2047 senex’.
1357 2022 1376 2044 ι
1400 2004 1501 2046 Ideo

137 2075 488 2117 adolescentiores
506 2075 653 2118 viduas
666 2075 868 2134 praedicat
881 2075 1155 2118 declinandas
1166 2107 1179 2124 ,
1211 2090 1297 2118 non
1327 2083 1502 2133 propter

139 2151 305 2188 aetatem
319 2176 333 2193 ,
365 2145 441 2187 sed
460 2153 632 2203 propter
647 2146 875 2202 quamdam
888 2145 1217 2204 pubescentium
1247 2144 1502 2188 delictorum

139 2213 375 2264 lasciviam,
403 2214 833 2274 immaturitatemque
853 2215 1033 2259 virtutis.
1061 2215 1273 2258 Caeterum
1294 2214 1433 2272 major
1454 2214 1498 2256 in

141 2283 311 2341 juvene,
334 2299 462 2342 quam
484 2285 528 2328 in
548 2301 648 2328 sene
665 2286 757 2328 laus
778 2285 981 2329 castitatis
996 2293 1076 2328 eet.
1101 2285 1211 2328 Puto
1228 2293 1371 2327 autem
1388 2284 1506 2342 quod

144 2367 168 2395 a
182 2367 282 2396 vero
302 2369 390 2397 non
409 2355 463 2398 sit
484 2355 669 2400 alienum
689 2356 810 2405 illud,
835 2355 870 2399 si
889 2356 1173 2416 intelligamus
1193 2357 1291 2413 quia
1307 2369 1406 2399 cum
1422 2354 1506 2398 hoc

145 2420 301 2467 Paulus
326 2423 520 2476 haberet,
540 2435 584 2470 et
602 2427 795 2470 horreret
814 2434 1053 2485 correptus,
1078 2426 1195 2484 quod
1209 2425 1379 2469 caecitas
1398 2424 1509 2468 acci-

194 2524 206 2539 ¹
226 2516 312 2550 Gen.
330 2527 424 2557 uin,
442 2529 493 2562 29.
512 2537 553 2544 —
569 2529 584 2544 ¹
601 2517 690 2552 lbid.
708 2518 762 2550 50.
779 2535 820 2543 —
836 2519 852 2542 ³
867 2517 956 2552 Ibid-
971 2538 1014 2548 -
1038 2519 1055 2546 ⁴
1077 2517 1197 2562 pres.
1217 2527 1262 2555 tv,
1282 2517 1333 2550 13.
1346 2517 1415 2543 —5
1431 2516 1511 2551 Aet.

147 2581 207 2610 vn.
225 2571 279 2615 ⁵7.
290 2589 333 2597 —
348 2573 365 2596 ⁶
378 2571 515 2607 Philem.
529 2584 562 2617 9.
575 2578 646 2619 —,],
664 2584 678 2609 ι
696 2572 783 2611 Tim.
798 2583 836 2613 v,
854 2583 902 2612 ¹}-
