1780 3120
332 255 388 298 88
875 261 906 289 s·
948 259 1137 289 amenesii

329 407 696 425 u=zs=sz=w=vssm
713 407 752 419 »υς
761 403 1701 421 mssvtmmmmsummew-unwmtm

858 510 1035 564 cAP'UT
1064 519 1161 564 X11.

330 678 560 724 AEcernam
585 676 841 736 felicitatem
871 672 1103 722 describit,
1129 687 1265 728 quam
1291 671 1418 716 nobis
1439 674 1575 718 etiam
1596 675 1699 720 des—-

389 751 583 791 tinatam
610 762 696 790 esse
727 747 1012 788 demonstrat.
1043 743 1217 786 Deinde
1241 743 1438 799 ejusdem
1459 745 1700 801 qualitates-

387 833 672 879 proseqtcens,
701 817 830 859 illam
860 816 1071 858 vivorum
1101 814 1328 873 regionem
1357 829 1443 857 esse
1478 815 1697 866 ostendit,

388 892 504 932 lianc
527 898 821 931 mortuorum.
859 887 936 929 Ad
963 895 1214 928 extrem-um
1242 886 1458 943 prudenti
1487 885 1698 930 admoni-

390 962 505 1004 tione
526 960 692 1003 librum
708 957 910 1001 absolvit.

389 1111 475 1155 LII.
513 1111 588 1153 H1s
604 1101 734 1169 igitur
754 1108 871 1160 freti,
897 1107 1106 1165 intrepide
1126 1121 1351 1165 pergamus
1368 1107 1422 1150 ad
1434 1107 1701 1167 Redempto-

331 1198 423 1227 rem
451 1190 642 1225 nostrum
664 1181 840 1223 Jesum:
875 1177 1085 1237 intrepide
1111 1179 1164 1220 ad
1183 1177 1524 1222 Patriarcharum
1556 1180 1704 1224 conci-⁷

331 1252 460 1302 lium,
490 1251 695 1310 intrepide
724 1252 776 1293 ad
802 1258 965 1308 patrem
993 1256 1186 1291 nostrum
1219 1246 1456 1298 Abraham,
1485 1264 1584 1292 cum
1606 1250 1702 1294 dies

333 1324 572 1373 advenerit,
610 1321 960 1381 proficiscamur:
991 1319 1202 1378 intrepide
1232 1323 1457 1378 pergamus
1491 1322 1544 1364 ad
1573 1321 1695 1365 illum

333 1404 575 1438 sanctorum
592 1403 749 1437 coetum
765 1427 775 1444 ‚
795 1393 1091 1451 justorumque
1114 1386 1384 1435 conventum.
1406 1392 1566 1435 Ibimus
1581 1391 1699 1436 enim

335 1467 388 1509 ad
405 1474 541 1524 patres
557 1471 739 1514 nostros,
758 1463 913 1506 ibimus
929 1464 982 1505 ad
998 1462 1090 1505 illos
1106 1471 1259 1505 nostrae
1273 1461 1371 1505 fidei
1382 1470 1670 1526 ‘praeceptores
1680 1480 1698 1514 ς

332 1544 380 1578 ut
402 1535 564 1578 etiamsi
594 1550 722 1593 opera
755 1534 915 1584 desint,
945 1532 1050 1576 fides
1072 1533 1319 1592 opituletur,
1343 1533 1592 1576 defendatur
1616 1534 1706 1576 hae-

333 1605 500 1649 reditas.
529 1606 687 1648 Ibimus
708 1613 751 1648 et
771 1605 845 1648 ubi
867 1605 1006 1648 sinum
1034 1619 1158 1647 suum
1190 1604 1407 1647 Abraham
1426 1613 1706 1649 sanctusex-

334 1677 505 1735 pandit,
530 1684 576 1718 ut
597 1676 796 1735 suscipiat
817 1691 1046 1734 pauperes,
1065 1675 1174 1718 sicut
1196 1675 1382 1734 suscepit
1406 1683 1449 1720 et
1463 1675 1696 1719 Lazarum:

336 1747 380 1790 in
400 1762 484 1805 quo
507 1748 601 1790 sinu
621 1746 916 1804 requiescunt,
939 1746 1012 1804 qui
1037 1746 1081 1789 in
1105 1747 1188 1790 hoc
1218 1748 1372 1791 saeculo
1401 1747 1542 1806 gravia
1571 1755 1706 1806 atque

336 1832 482 1876 aspera
503 1819 778 1875 pertulerunt.

394 1887 500 1930 LIII.
538 1887 623 1930 Sed
649 1903 784 1938 nunc,
807 1887 949 1938 Pater,
976 1887 1104 1930 etiam
1128 1895 1254 1946 atque
1277 1888 1405 1931 etiam
1429 1890 1610 1932 extende
1640 1890 1698 1933 ad

336 1957 650 2016 suscipiendum
670 1958 785 2000 hunc
801 1973 1035 2017 pauperem
1053 1974 1204 2002 manus
1218 1967 1311 2002 tuas
1326 1992 1337 2009 ,
1355 1959 1470 2018 aperi
1486 1959 1698 2018 gremium

334 2035 479 2077 tuum,
504 2029 694 2086 expande
716 2028 830 2071 sinus
854 2037 971 2083 tuos,
1002 2037 1050 2072 ut
1071 2031 1215 2088 plures
1239 2029 1465 2089 suscipias,
1494 2030 1591 2088 quia
1608 2031 1700 2089 plu-

336 2097 432 2141 rimi
455 2098 497 2140 in
513 2099 743 2142 Dominum
764 2100 1049 2144 crediderunt.
1079 2101 1165 2144 Sed
1193 2110 1361 2152 tamen,
1389 2102 1579 2159 quamvis
1594 2101 1706 2145 fides

338 2168 538 2218 creverit,
563 2169 749 2212 abundat
784 2170 1003 2228 iniquitas,
1039 2172 1273 2231 refrigescit
1300 2172 1500 2216 charitas.
1537 2171 1700 2216 Ibimus

337 2239 389 2279 ad
406 2253 500 2287 eos,
519 2238 590 2296 qui
612 2240 869 2283 recumbunt
885 2241 927 2283 in
945 2257 1073 2301 regno
1090 2243 1168 2286 Dei
1186 2257 1285 2285 cum
1301 2240 1515 2302 Abraham
1529 2275 1541 2292 ,
1563 2243 1707 2293 Isaac,

336 2316 378 2350 et
398 2309 531 2351 Jacob
545 2342 557 2359 ,
582 2310 783 2367 quoniam
805 2312 938 2370 rogati
954 2315 1007 2356 ad
1024 2328 1187 2356 coenam
1206 2329 1291 2356 non
1309 2329 1353 2356 se
1369 2321 1693 2357 excusaverunt.

336 2377 497 2420 Ibimus
511 2394 561 2421 eo
580 2380 654 2422 ubi
671 2382 888 2438 paradisus
905 2391 968 2426 est
982 2383 1283 2444 jucunditatis,
1302 2384 1377 2427 ubi
1398 2383 1535 2427 Adam
1551 2383 1623 2442 qui
1640 2384 1710 2427 iu·

338 2446 440 2488 cidit
461 2447 503 2489 in
520 2450 703 2492 latrones
717 2483 726 2498 ‚
747 2452 880 2495 nescit
898 2453 986 2510 jam
1003 2455 1176 2497 vulnera
1198 2469 1271 2497 sua
1289 2454 1392 2499 flere
1406 2486 1418 2503 ‚
1441 2453 1514 2496 uhi
1528 2462 1571 2496 et
1590 2454 1704 2496 latro

337 2516 425 2574 ipse
443 2518 560 2575 regni
578 2520 757 2562 coeleslis
775 2523 987 2566 consortio
1009 2525 1258 2582 gratulatur,
1289 2525 1362 2568 ubi
1386 2525 1516 2567 nullae
1537 2524 1702 2574 nubes,

338 2587 453 2630 nulla
479 2588 684 2640 tonitrua,
707 2593 833 2636 nullae
854 2595 1186 2645 coruscationes,
1215 2597 1331 2639 nulla
1359 2603 1583 2639 ventorum
1599 2608 1707 2654 pro-
