1780 3120
303 261 399 310 ‘428
862 274 894 301 s.
933 273 1124 303 Ammosn

311 365 329 388 s
343 346 538 391 sicutssos
553 348 698 391 floruit
710 380 721 397 ‚
744 356 787 391 et
799 348 983 398 decidit3
1002 350 1182 396 discedit
1200 361 1342 396 antem
1364 360 1414 396 ut
1432 355 1585 414 umbra
1600 388 1612 405 ,
1634 358 1680 400 e't

311 433 426 461 »non
455 418 622 461 resistit.
655 419 803 462 Nonne
824 427 866 461 et
890 419 939 462 ab
963 420 1046 462 hoe
1070 421 1175 464 ratio
1199 422 1440 481 quaeritur?
1469 425 1523 468 Et
1564 424 1680 470 hunc

312 488 475 531 »fecisti
499 489 655 530 intrare
672 488 712 529 in
731 488 937 544 judicium
952 490 1030 532 sub
1055 501 1284 550 conspectu
1306 501 1390 537 tuo.
1409 494 1514 546 Quis
1538 504 1679 539 autem

314 576 332 598 »
346 558 530 601 mundus
551 566 614 600 est
637 572 656 600 a
675 558 833 601 sorde?
850 558 934 601 Sed
954 575 1080 603 nemo
1099 563 1266 606 etiamsi
1285 564 1409 607 unius
1427 565 1509 608 dici
1529 566 1582 609 sit
1597 565 1682 610 vita
1697 575 1709 587 ⁸

314 627 434 685 »ejus
459 644 585 686 super
608 628 807 671 terram¹.
826 648 841 668 »
865 629 972 672 Vere
993 631 1244 675 miserabilis
1267 634 1456 678 conditio
1471 668 1483 685 ‚
1513 643 1559 678 ut
1581 651 1682 694 pec-

314 699 397 742 cati
419 699 482 741 sui
503 701 618 756 quod
638 699 769 741 vitare
794 714 878 741 non
902 701 1057 757 possit,
1095 703 1302 746 rationem
1332 713 1531 762 praestare
1555 721 1681 764 coga-

317 776 415 811 tur:
438 768 644 825 judicium
668 769 848 818 intrare,
876 770 917 811 in
942 780 1218 829 conspectum
1241 773 1412 816 Domini
1433 775 1576 818 subire
1597 790 1685 818 om-

302 838 547 896 'nipotentis
568 839 858 897 compellitur,
896 841 1022 883 edere
1055 857 1203 885 causas
1235 852 1450 902 gestorum
1481 843 1680 894 suorum⁵,

316 925 407 967 quae
420 917 481 952 tot
501 909 594 953 vitae
611 925 696 953 suae
717 910 910 953 aetatibus
922 914 1208 969 percurrerit,
1227 929 1326 956 cum
1342 916 1526 958 mundus
1540 930 1560 958 a
1577 920 1681 974 pec-

315 989 410 1024 cato
443 980 577 1038 quivis
612 995 703 1023 esse
733 996 818 1023 non
852 983 988 1040 possit
1003 1016 1013 1030 .
1046 990 1093 1025 ut
1115 984 1165 1026 ab
1190 983 1289 1042 ipsis
1311 985 1533 1028 cunabulis
1567 985 1684 1044 prius

317 1052 494 1109 obrepat
516 1050 699 1094 infantiae
732 1053 856 1109 culpa
870 1085 882 1101 ,
925 1067 1053 1109 quam
1085 1053 1138 1096 sit
1178 1055 1291 1097 ullus
1332 1063 1479 1098 sensus
1513 1054 1678 1098 erroris.

317 1121 542 1178 Quamque
576 1121 681 1164 illud
702 1121 963 1172 miserabile,
989 1130 1036 1165 ut
1058 1123 1196 1166 brevis
1228 1124 1281 1166 sit
1305 1123 1386 1166 vita
1416 1124 1529 1182 ejus,
1549 1122 1686 1167 dulcis

314 1191 514 1234 illecebra
529 1224 541 1242 ,
561 1191 783 1250 multiplex
800 1207 1011 1243 aerumna,
1032 1192 1249 1236 iracundia
1261 1193 1519 1252 quotidiana.
1541 1195 1688 1252 Itaque

315 1260 358 1303 in
379 1261 526 1320 exigua
555 1262 839 1305 delectatione
861 1262 1097 1306 amaritudo
1119 1272 1325 1323 perpetua
1349 1272 1426 1307 est.
1458 1283 1460 1286 ’

375 1331 538 1375 ΧΧΙΠ.
557 1349 573 1371 α
588 1332 684 1382 Est,
706 1332 843 1390 inquit
856 1365 868 1382 ,
889 1333 1029 1376 arbori
1052 1349 1159 1392 spes.
1185 1334 1229 1377 Si
1249 1335 1364 1379 enim
1377 1335 1501 1378 fuerit
1522 1335 1660 1379 excisa
1675 1367 1687 1384 ‚

317 1420 333 1441 >1
346 1401 541 1451 virescit3
569 1409 614 1445 et
634 1402 676 1445 in
698 1412 818 1463 petra
839 1412 1033 1447 mortuus
1054 1420 1196 1448 ramus
1217 1405 1310 1463 ejus
1331 1405 1482 1456 fuerit,
1503 1408 1560 1451 ad
1581 1407 1689 1449 odo-

320 1486 440 1514 »rem
467 1486 585 1529 aquae
611 1472 804 1525 florebit3
829 1473 955 1517 faciet
987 1483 1130 1517 autem
1153 1490 1335 1518 messem
1366 1475 1477 1519 sicut
1494 1477 1682 1520 novella.

322 1561 338 1582 »
352 1542 424 1586 Vir
445 1550 586 1585 autem
615 1543 840 1586 defunctus
862 1544 991 1593 abiit,
1013 1547 1168 1588 cadens
1189 1554 1331 1589 autem
1352 1546 1544 1591 mortalis
1559 1539 1689 1590 homo

318 1631 333 1653 »
349 1627 432 1655 non
456 1614 564 1655 ultra
577 1620 653 1655 cst.
682 1613 894 1671 Tempore
916 1622 1057 1657 autem
1085 1615 1263 1658 ssuctuat
1288 1631 1404 1665 mare
1422 1615 1466 1658 ².'
1481 1634 1498 1657 »
1513 1617 1686 1675 Specta-

319 1683 456 1725 vimus
483 1683 721 1741 prophetici
742 1684 949 1727 sermonis
971 1685 1122 1728 seriem
1154 1701 1207 1728 ex
1233 1686 1399 1729 duobus
1419 1686 1690 1729 inferioribus

321 1753 563 1802 elementis,
596 1761 706 1796 terra
744 1769 792 1797 ac
815 1754 940 1804 mari,
964 1771 1057 1812 quae
1089 1755 1206 1798 omni
1231 1756 1419 1814 injuriae,
1445 1756 1690 1814 crebrisque

324 1823 650 1881 tempestatibus
672 1824 919 1881 subjacent:
944 1841 1071 1883 quam
1087 1827 1274 1870 validum
1286 1836 1584 1886 argumentum
1600 1842 1692 1870 nos-

323 1900 397 1935 trae
423 1894 630 1951 expressit
651 1895 885 1938 aerumnaei’
907 1897 1116 1947 Terrena,
1140 1897 1302 1954 inquit,
1326 1897 1527 1956 virgulta,
1551 1908 1696 1941 nemo-

320 1978 497 2021 rosaque
515 1965 737 2015 arborum,
770 1966 898 2009 etiam
929 1982 1029 2010 cum
1052 1967 1209 2011 suerint
1234 1976 1428 2018 mortua,
1448 1969 1496 2011 <in
1515 1961 1616 2012 usus
1629 1969 1696 2012 vi‘-

324 2034 428 2076 tales
453 2044 692 2093 resurgunt.
733 2036 847 2079 Mare
883 2052 1053 2094 quoque
1087 2037 1227 2096 ipsum
1260 2046 1504 2097 temporum
1528 2038 1694 2082 vicibus

326 2105 432 2147 solet
451 2104 675 2149 fluctuare.
693 2105 749 2149 At
771 2121 871 2149 vero
887 2121 986 2149 earo
1007 2115 1150 2150 nostra
1169 2123 1338 2166 semper
1358 2109 1698 2159 exaestuat·,‘sibi-

325 2189 406 2231 que
427 2175 513 2233 ipsa
534 2180 757 2234 tempestas
775 2185 862 2226 est,
875 2190 955 2220 nec
980 2193 1166 2235 unquam
1178 2193 1200 2220 a
1217 2179 1403 2222 metibus
1412 2169 1696 2238 procellarum

327 2244 659 2303 miserandisque
683 2247 910 2306 naufragiis
932 2247 1126 2290 feriatur.
1511 2260 1515 2265 ’
1641 2242 1645 2245 ’

385 2315 542 2359 XXIV.
562 2316 699 2359 «Cum
721 2326 863 2360 autem
886 2318 1105 2361 dormierit
1131 2319 1286 2368 homo,
1308 2333 1394 2362 non
1426 2319 1609 2378 resurgit
1630 2334 1699 2363 us-

329 2402 346 2424 »
360 2399 441 2441 que
463 2386 565 2426 dum
581 2387 736 2429 coelum
750 2402 837 2431 non
861 2397 1054 2431 assuatur
1065 2387 1095 2432 ³.
1112 2389 1272 2447 »Quod
1285 2389 1453 2435 videtur
1464 2389 1696 2438 declarare,

332 2453 466 2496 donec
491 2455 646 2497 eoelum
677 2466 878 2508 novetur;
902 2459 983 2503 erit
1006 2459 1120 2503 enim
1142 2461 1300 2503 coelum
1321 2474 1485 2504 novum
1513 2457 1559 2504 et
1586 2467 1699 2504 terra

330 2522 481 2575 nova‘·,
503 2522 612 2569 sicut
633 2526 838 2589 scriptum
854 2537 930 2575 est.
962 2529 1069 2575 Nam
1091 2530 1205 2592 quod
1236 2530 1441 2583 assuitur,
1464 2538 1584 2578 vetus
1605 2537 1668 2578 est
1683 2535 1700 2581 ²,

371 2623 382 2640 τ
400 2614 476 2650 Job·
494 2624 561 2657 ω’,
581 2615 651 2658 ι-4.
667 2636 707 2647 --
725 2629 737 2647 ·
756 2619 845 2656 thid.
860 2629 945 2666 7-ιι.
962 2640 1001 2650 -
1020 2621 1145 2660 ³1bid.
1165 2633 1216 2659 xa.
1237 2639 1278 2651 --
1306 2623 1410 2661 ⁴rsat
1427 2632 1499 2665 bxv,
1524 2631 1572 2668 17·
