1780 3120
378 290 459 334 228
915 298 945 326 s,
986 297 1176 326 AMBnosn

367 381 505 441 paruit
521 379 573 422 ad
588 377 726 421 ilicem
748 374 958 425 Mambre,
980 375 1179 418 meridies
1198 381 1312 423 erat,
1341 374 1410 418 cui
1439 373 1492 417 de
1512 374 1732 433 praesentia

365 449 533 496 Domini
564 450 636 492 lux
656 455 813 490 aeterna
837 445 1039 503 fulgebat.
1067 444 1263 488 Meridies
1292 453 1355 488 est
1381 445 1552 503 quando
1573 444 1732 504 «Ioseph

364 537 486 565 verus
503 520 544 562 in
562 520 735 562 domum
758 532 876 560 suam
899 516 1042 565 intrat,
1062 523 1110 557 ut
1127 517 1342 574 prandeat.
1364 517 1486 561 Tunc
1501 516 1616 560 enim
1632 518 1727 576 plus

362 593 450 635 dies
473 593 602 641 lucet,
623 590 791 647 quando
810 594 1074 630 sacramenta
1092 587 1370 631 celebramus.

424 662 530 705 LIII.
579 679 594 700 α
609 661 659 703 Et
678 660 912 702 intulerunt
928 657 982 707 ei,
1008 657 1161 714 inquit,
1184 655 1402 701 munera⁴.
1420 675 1438 697 n
1450 656 1535 701 Nos
1551 671 1731 702 munera

364 732 594 782 inferimus,
619 731 688 773 iIle
708 729 912 772 instaurat
933 727 1189 771 convivium.
1217 728 1292 770 Ille
1315 726 1417 770 dicit
1437 743 1447 770 :
1479 745 1496 767 ι
1512 727 1731 786 Apponite

363 818 542 862 »panes,
563 821 579 842 »
612 816 716 858 quos
742 799 817 842 soli
844 798 1011 842 Hebraei
1036 806 1235 848 sumunt,
1259 798 1447 857 AEgyptii
1468 799 1731 842 manducare

363 876 448 916 non
470 880 657 931 possunt.
685 871 770 913 Sed
789 878 886 913 ante
909 869 1148 912 convivium
1172 878 1330 927 quanta
1351 869 1567 927 dignatio?
1589 869 1731 922 Quam

362 959 461 985 usus
493 942 610 985 istius
639 949 682 983 et
711 939 941 983 sedulitatis
970 948 1013 982 et
1044 939 1186 998 gratiae
1215 940 1376 982 morale
1407 938 1728 997 magisterium?

361 1014 512 1058 Adhuc
543 1014 595 1055 de
624 1011 834 1054 calumnia
867 1026 995 1068 quam
1026 1010 1104 1053 sihi
1128 1027 1150 1054 a
1171 1011 1331 1071 Joseph
1366 1010 1459 1054 fieri
1494 1011 1724 1070 putabant,

361 1086 509 1127 fratres
533 1083 716 1140 suspecti
737 1089 882 1124 eraut:
909 1082 980 1124 ille
1001 1081 1206 1124 invitabat
1228 1083 1282 1125 ad
1302 1082 1547 1141 prandium,
1570 1081 1726 1124 horum

361 1155 538 1198 nutabat
559 1153 757 1196 affectus:
782 1153 892 1195 illius
910 1147 1151 1210 perseverat
1166 1153 1299 1211 gratia
1317 1167 1326 1195 :
1346 1152 1510 1211 primus
1526 1153 1723 1211 appellat,

361 1226 522 1285 primus
543 1225 794 1282 interrogat:
813 1242 828 1263 «
845 1224 1072 1276 Quomodo
1089 1223 1311 1267 hahetisi’»
1331 1229 1336 1234 “

421 1295 525 1340 LIV.
563 1296 615 1338 Et
634 1295 785 1338 iterum
799 1295 874 1337 ait:
893 1295 1046 1338 «Recte
1064 1303 1127 1337 est
1143 1303 1264 1353 pater
1279 1294 1450 1337 senior?
1461 1314 1476 1335 »
1490 1294 1726 1354 Superioris

362 1374 425 1409 est
455 1365 694 1409 inferiorem
727 1365 777 1407 ad
813 1365 1074 1423 colloquium
1105 1379 1355 1423 provocare,
1390 1366 1491 1408 dare
1520 1365 1726 1408 sermonis

364 1437 582 1486 fiduciam,
614 1451 802 1494 quaerere
824 1452 909 1478 non
934 1437 1071 1479 solum
1093 1437 1146 1479 de
1168 1436 1290 1495 ipsis,
1324 1437 1398 1479 sed
1420 1435 1548 1479 etiam
1571 1438 1625 1480 de
1649 1451 1726 1496 pa-

362 1509 565 1551 rentibus.
1328 1502 1332 1506 ⁵

418 1578 500 1621 LV.
537 1576 809 1658 Respondent
820 1577 900 1620 illi:
918 1595 933 1616 «ι
942 1578 1073 1621 Recte
1084 1587 1148 1621 est
1159 1595 1266 1637 puer
1277 1587 1389 1629 tuus,
1403 1587 1524 1654 pater
1535 1587 1688 1622 noster.
1699 1598 1714 1620 n

362 1649 436 1691 Ille
462 1648 668 1691 seniorem
702 1648 820 1697 dixit,
845 1657 891 1691 ut
912 1648 1169 1692 honoraret:
1195 1650 1254 1692 illi
1275 1656 1456 1709 pnerum
1479 1649 1726 1693 nominave-

362 1727 482 1769 runt,
506 1728 554 1762 ut
582 1718 794 1778 deferrent
815 1700 1066 1762 humilitatis
1088 1721 1366 1778 obsequium,
1395 1722 1512 1779 quod
1530 1730 1724 1765 senectus

363 1790 578 1832 honoratae
601 1790 654 1832 sit
677 1775 909 1848 dignitatis,
935 1791 1115 1849 pueritia
1143 1800 1285 1835 autem
1308 1792 1501 1850 subjecta
1517 1792 1722 1842 videatur,

362 1868 405 1902 et
419 1860 591 1918 propior
606 1859 898 1909 verecundiae,
916 1876 1043 1918 quun
1061 1862 1280 1919 superbiae.
1634 1904 1637 1905 γ

420 1929 523 1974 LVI.
572 1931 843 1990 «Respiciens
867 1939 1007 1973 autem
1032 1932 1165 1975 oculis
1186 1932 1291 1976 vidit
1309 1933 1533 1991 Benjamin
1551 1934 1723 1978 fratrem

360 2019 377 2042 »
390 2017 513 2044 suum
532 2017 583 2044 ex
602 2003 750 2044 eadem
770 2001 948 2044 mati-0².
966 2021 981 2042 »
996 2003 1153 2046 Morale
1174 2012 1237 2046 est
1259 2003 1372 2063 (40),
1391 2013 1439 2047 ut
1459 2019 1563 2063 quos
1583 2006 1749 2064 diligi-¹.
1776 2053 1780 2057 ,

359 2087 481 2121 mus,
517 2087 589 2114 eos
619 2071 835 2114 videamus
856 2088 942 2130 prae
967 2074 1151 2123 caeteris3
1192 2082 1234 2117 et
1267 2075 1524 2132 quos'animi
1547 2076 1723 2119 intentio
1766 2077 1772 2082 ’

362 2149 475 2184 tenet
501 2141 675 2199 priores,
710 2157 782 2184 eos
817 2143 990 2186 obtutus
1021 2143 1209 2187 offendat
1240 2147 1478 2189 oculorum.
1504 2146 1722 2204 Siquidem

360 2213 608 2269 plerumque
639 2212 753 2255 circa
786 2212 863 2255 alia
895 2214 1050 2257 mentis
1082 2216 1365 2274 occupatione
1392 2216 1594 2267 districti,
1617 2231 1723 2274 quos
1758 2227 1763 2237 ¹

358 2281 565 2324 habemus
588 2289 684 2324 ante
704 2284 865 2333 oculos,
893 2299 977 2327 non
1000 2285 1193 2329 videmus
1213 2302 1223 2329 :
1250 2287 1305 2330 ita
1331 2289 1441 2331 duee
1464 2287 1603 2330 animo
1624 2287 1722 2330 diri·
1758 2308 1761 2309 ⁷

358 2352 469 2408 gitur
489 2360 632 2395 noster
653 2362 860 2411 aspectus.
888 2354 1002 2398 Vidit
1024 2355 1151 2414 igitur
1165 2357 1392 2416 Benjamin
1407 2356 1578 2402 fratrem
1596 2373 1721 2401 suum

358 2431 527 2465 sanctus
548 2422 724 2481 Joseph,
749 2439 876 2481 quem
899 2427 1071 2469 tenebat
1093 2427 1250 2478 animo,
1278 2444 1407 2486 quem
1429 2428 1564 2472 oculis
1585 2427 1722 2485 requi-

357 2492 475 2536 rebat
495 2509 505 2534 ε
530 2508 613 2550 quo
635 2493 821 2545 absente,
845 2496 995 2540 fratres
1016 2509 1124 2556 pene
1145 2514 1232 2542 non
1253 2499 1433 2550 viderat,
1458 2499 1556 2557 quia
1575 2498 1719 2542 videre

357 2562 463 2605 nihil
478 2565 698 2621 proderat:
722 2580 802 2608 nec
818 2567 954 2610 solum
972 2568 1124 2612 vidisse
1141 2579 1384 2621 contentUS,
1401 2569 1520 2628 quasi
1537 2568 1721 2613 nesciret

401 2658 407 2672 ¹
427 2651 510 2685 Gen.
527 2665 620 2693 xun,
640 2655 691 2688 26.
709 2672 745 2680 -·
770 2666 782 2681 ¹
805 2656 892 2690 lbid.
918 2669 970 2701 29.
