1780 3120
371 242 437 293 34
933 249 963 278 S.
1002 246 1194 277 Animosa

375 334 478 378 tutis
513 346 621 380 suae,
667 330 783 373 velut
809 326 1017 371 marcenti
1047 325 1133 382 jam
1170 323 1325 367 virium
1364 337 1538 367 suarum
1576 323 1747 383 vigore,

381 403 565 462 deponit.

436 472 604 517 XLVII.
642 470 752 528 Ergo
783 469 885 511 dum
920 474 1168 525 expectatur
1197 466 1418 525 plenitudo
1447 466 1651 526 temporis
1681 482 1751 510 ex-

380 549 552 602 pectant
589 540 736 583 animae
779 537 1168 581 renumerationem
1204 537 1406 581 debitam.
1452 536 1567 581 Alias
1603 545 1751 581 manet

385 628 533 672 poena,
558 611 656 654 alias
666 609 797 668 gloria
818 616 886 651 :et
908 615 1050 650 tamen
1070 606 1242 650 necillae
1258 606 1430 650 interim
1453 607 1542 650 sine
1565 606 1721 666 injuria
1735 640 1748 658 ‚

386 699 467 727 nec
502 683 589 725 istae
624 682 713 724 sine
750 680 892 723 fructu
922 686 1033 721 sunt.
1062 677 1168 721 Nam
1192 685 1235 720 et
1271 677 1351 720 illae
1368 676 1560 722 videntes
1589 692 1754 721 servan·

384 754 497 797 tibus
517 755 653 811 legem
674 751 752 795 Dei
774 749 1002 809 repositam
1019 764 1110 791 esse
1126 748 1371 792 mercedem
1387 748 1531 807 gloriae
1545 782 1556 800 ‚
1578 763 1748 801 conser-

378 823 471 866 vari
487 838 633 865 earum
657 822 706 864 ab
734 819 905 878 Angelis
936 818 1204 869 habitacula,
1234 819 1313 862 sibi
1344 827 1487 863 autem
1515 819 1754 863 dissimula-

377 892 505 935 tionis
536 900 578 935 et
612 890 890 934 contumaciae
930 889 1136 949 supplicia
1172 889 1343 941 sutura,
1378 898 1420 934 et
1460 891 1670 950 pudorem
1711 899 1755 934 et

385 962 678 1006 confusionem
696 978 708 1012 3
731 968 778 1004 ut
800 961 1013 1004 intuentes
1036 960 1215 1019 gloriam
1246 960 1474 1012 Altissimi‚
1499 961 1755 1005 erubescant

389 1031 433 1074 in
455 1032 545 1089 ejus
567 1039 844 1091 conspectum
870 1031 1013 1075 venire
1028 1063 1039 1080 ,
1070 1029 1193 1089 cujus
1219 1032 1418 1075 mandata
1437 1031 1747 1075 temeraverint.

387 1102 509 1145 Sicut
528 1102 641 1145 enim
677 1101 966 1160 praevaricatio
987 1100 1114 1152 Adae,
1151 1102 1208 1145 ita
1238 1110 1280 1146 et
1302 1102 1520 1154 confusi03
1552 1103 1754 1161 quoniam

385 1172 496 1215 sicut
517 1172 586 1215 ille
608 1188 684 1230 per
700 1172 908 1215 incuriam
931 1173 1231 1215 mandatorum
1253 1171 1489 1216 coelestium
1507 1173 1650 1231 lapsus
1666 1180 1751 1223 est,

379 1252 428 1286 et
460 1245 624 1302 pudore
658 1259 702 1286 se
738 1243 1016 1302 prolapsionis
1055 1244 1305 1296 abscondit,
1350 1245 1562 1304 fulgorem
1600 1244 1750 1288 divinae

387 1315 620 1372 praesentiae
641 1315 896 1358 verecundia
927 1315 1178 1373 peccatricis
1201 1315 1471 1359 conscientiae
1497 1315 1640 1373 subire
1667 1330 1754 1359 non

386 1400 510 1428 ausus
537 1401 546 1427 ε
577 1386 632 1428 ita
660 1393 703 1428 et
733 1385 882 1428 animae
910 1393 1186 1444 peccatorum
1219 1386 1425 1430 vibrantis
1453 1386 1627 1430 luminis
1658 1385 1753 1443 ejus

385 1457 651 1514 splendorem
674 1471 760 1502 non
789 1456 1083 1508 sustinebunt,
1115 1472 1200 1515 quo
1223 1464 1330 1502 teste
1352 1472 1396 1501 se
1424 1457 1755 1502 reminiscentur

378 1540 559 1569 errasse.

381 1690 567 1702 mmm
575 1690 882 1704 sssmmmm
890 1690 942 1703 'AS
948 1691 1086 1703 Ἇὶηνὶ
1094 1692 1151 1704 {n
1158 1682 1341 1705 nsmffl
1352 1691 1751 1707 MUMWSssUCU

921 1797 1100 1843 CAPUT
1131 1798 1208 1844 XI.

390 1937 565 1996 Septem
605 1938 783 1982 ordines
819 1938 978 1995 quibus
1018 1940 1190 1999 digesta
1215 1940 1300 1985 erit
1333 1950 1432 2000 post
1462 1940 1582 1993 hahes
1611 1942 1758 1985 vitam

437 2009 666 2065 justorum
684 2009 840 2052 laetitia
853 2041 867 2058 ,
885 2011 1067 2069 exponit
1077 2028 1096 2062 ;
1118 2022 1249 2068 atque
1265 2022 1314 2055 ut
1329 2013 1520 2056 studiose
1535 2012 1595 2068 ad
1610 2012 1758 2057 Deum

447 2081 601 2122 anima
621 2081 901 2136 accedamus,
921 2098 1002 2139 neq
1011 2098 1059 2125 ue
1070 2081 1210 2141 finem
1229 2084 1335 2127 vitae
1351 2083 1754 2143 perhorrescamus,

451 2149 666 2194 hortatur.

449 2284 637 2330 XLVIII.
650 2284 676 2329 J
679 2300 869 2331 usnemu
878 2296 1019 2331 autem
1031 2289 1267 2334 animarum
1282 2306 1359 2352 per
1369 2292 1538 2337 ordines
1550 2293 1758 2352 quosdam

388 2354 572 2413 disgesta
612 2355 691 2399 erit
721 2357 878 2401 laetitia.
919 2358 1133 2410 Primum,
1179 2363 1295 2420 quod
1336 2362 1518 2407 vicerint
1560 2377 1755 2413 carnem,

391 2437 472 2466 nee
492 2424 700 2469 illecebris
717 2426 809 2484 ejus
830 2427 993 2472 inflexae
1023 2430 1145 2474 sint¹.
1176 2431 1365 2484 Deinde,
1384 2434 1500 2492 quod
1520 2448 1598 2493 pro
1619 2434 1757 2494 pretio

383 2493 630 2537 „sedulitatis
666 2503 708 2539 et
738 2496 991 2543 innocentiae
1022 2516 1132 2551 suae,
1152 2494 1386 2548 'securitate
1411 2501 1652 2564 potiantur,
1675 2518 1758 2548 nec

426 2591 438 2606 ¹
457 2583 478 2623 4
491 2584 591 2619 Esdr.
607 2596 668 2627 vn,
682 2586 739 2631 49,
757 2593 790 2622 et
807 2599 899 2635 seqq.
