1780 3120
290 200 375 256 416
556 209 586 244 sa
625 207 815 244 Ammosn
847 212 899 242 nxz
934 207 1074 242 ronu.
1114 206 1235 241 mmm
1267 207 1383 241 υΝυε.

288 312 448 355 »usque
475 295 528 338 ad
555 309 693 337 mane.
718 293 1017 336 Fermentatur
1045 291 1150 334 mihi
1181 306 1336 350 corpus
1359 291 1402 334 in
1422 283 1650 350 putredine

288 369 522 414 »vermium
543 382 552 410 ε
579 365 803 424 liquefacio
826 373 966 407 autem
983 364 1126 422 glebas
1149 371 1293 413 terrae,
1317 363 1477 407 saniem
1497 366 1648 408 radens

288 460 303 481 »
317 442 522 483 ulcerum.
551 436 643 480 Vita
661 443 802 478 autem
820 450 914 477 mea
935 434 1068 477 levior
1089 441 1153 476 est
1174 432 1336 483 sabula,
1363 434 1406 477 in
1427 450 1500 494 spe
1517 449 1650 478 vacua

290 531 305 552 »
319 511 477 570 perit...
499 509 671 553 Dicam:
692 506 991 551 Consolahitur
1009 520 1079 547 me
1094 506 1276 548 lectulus
1292 520 1482 551 meus....
1501 507 1650 551 Terres

289 599 386 627 »me
407 583 451 626 in
477 581 673 631 somniis,
698 587 741 623 et
761 579 805 622 in
829 577 1061 621 visionibus
1083 591 1153 620 me
1173 576 1410 635 percellis¹.
1439 596 1456 618 n

286 738 513 760 ΜΜΜΜΜ
519 729 1632 755 ᾺΜΜΜΜΜΜΜᾺὛΜΜΜὫΝΝᾺΝΜΜᾺΝΜΜΜΜΜΜιἏᾺ

837 848 1017 895 CAPUT
1047 847 1121 892 111.

289 999 354 1044 De
375 998 539 1041 misera
561 995 815 1039 conditione
831 993 1052 1044 hominis,
1080 993 1159 1051 qui
1186 994 1382 1050 quotidie
1402 993 1482 1036 sub
1497 993 1658 1052 formi-

348 1071 454 1112 dine
470 1078 528 1111 est
540 1084 556 1120 ‚·
569 1082 790 1123 quamque
803 1066 933 1108 stulte
947 1066 1104 1124 cogitet
1116 1075 1297 1121 peecata
1314 1080 1395 1108 sua
1412 1065 1500 1108 Dei
1511 1065 1658 1126 cogni-

349 1141 514 1182 tionem
541 1137 696 1194 fallere
717 1151 838 1194 posse
860 1151 869 1178 :
899 1137 1005 1177 item
1029 1151 1165 1191 quam
1187 1136 1405 1178 miseram
1426 1136 1477 1177 in
1503 1135 1658 1179 lectulo

346 1208 472 1251 nobis
493 1208 554 1250 act
569 1207 759 1263 quiete-m
781 1207 885 1248 dato
909 1206 1211 1249 sollicitudine
1230 1207 1426 1265 agitari,
1452 1216 1581 1263 atque
1602 1222 1658 1249 em

348 1280 497 1323 eodem
525 1265 689 1321 vacuos
725 1293 778 1319 ac
818 1276 958 1320 nudos
994 1291 1234 1335 exurgere,
1266 1292 1363 1333 quoe
1391 1277 1500 1319 vitae
1531 1276 1660 1320 istius

345 1350 494 1410 imago
512 1358 584 1391 est.

344 1485 415 1531 VI.
454 1483 582 1537 QUAM
618 1483 770 1527 misera
802 1482 987 1527 hominis
1011 1483 1222 1534 conditio,
1245 1499 1339 1542 quae
1360 1483 1657 1542 quasimerce-

286 1557 404 1600 naria
426 1555 514 1598 aliis
535 1555 715 1603 laborat,
743 1554 822 1598 sibi
843 1553 1018 1612 indiget,
1042 1562 1084 1596 et
1108 1554 1186 1597 nisi
1211 1551 1655 1596 alienamisericordia

264 1615 266 1618 V
288 1634 525 1671 sustentare
541 1640 585 1668 se
602 1624 771 1682 nequit!
799 1623 1003 1676 Quotidie
1026 1625 1103 1667 sub
1132 1622 1382 1674 formidine,
1402 1624 1482 1667 sub
1503 1623 1655 1667 timore

287 1712 458 1758 gravem
466 1697 649 1738 tolerans
661 1695 923 1744 servitutem,
938 1703 980 1738 et
992 1710 1044 1738 ne
1058 1695 1401 1753 deprehendatur
1416 1711 1436 1738 a
1451 1694 1652 1745 Domino,

288 1767 468 1811 erratica
493 1774 618 1823 atque
637 1764 812 1823 fugitiva
834 1766 912 1808 sub
930 1766 1082 1808 umbra
1096 1765 1278 1823 quadam
1291 1765 1432 1809 saeculi
1444 1764 1655 1825 hujuspu-

287 1848 348 1881 tat
366 1854 409 1881 se
425 1853 547 1896 posse
558 1837 818 1880 delitescere.
840 1836 1070 1879 Considera
1089 1836 1207 1879 illum
1223 1837 1275 1878 de
1286 1851 1370 1893 quo
1380 1836 1437 1879 ait
1447 1836 1490 1878 in
1502 1836 1656 1880 Eccle-

286 1908 452 1951 siastico
470 1907 632 1966 Syrach
651 1923 660 1949 :
678 1925 694 1947 α
712 1906 862 1950 Omnis
877 1907 1007 1949 homo
1032 1906 1345 1965 transgrediens
1361 1905 1403 1949 in
1422 1906 1534 1950 lecto
1558 1905 1651 1956 suo,

286 1987 596 2023 »contemnens
617 1986 659 2020 et
687 1977 831 2020 dicens
852 1977 893 2019 in
912 1978 1051 2020 anima
1069 1993 1143 2020 sua
1166 1992 1176 2019 :
1203 1976 1308 2030 Quis
1328 1992 1398 2019 me
1412 1976 1557 2019 videt?
1571 1977 1652 2020 Te-

286 2069 301 2090 »
318 2050 457 2092 nebrae
495 2048 764 2090 circumdant
798 2062 868 2089 me
905 2056 948 2090 et
980 2047 1162 2105 parietes
1177 2081 1188 2099 ,
1231 2063 1359 2106 quem
1402 2046 1575 2090 vereor-²
1589 2046 1609 2090 Ρ
1625 2066 1641 2087 ι

285 2120 434 2164 Nonne
448 2118 524 2160 tibi
539 2118 706 2160 videtur
725 2117 803 2160 iste
823 2132 923 2160 vere
944 2133 1034 2160 esse
1050 2117 1340 2160 mercenarius
1362 2117 1437 2175 qui
1458 2121 1532 2160 sua
1551 2132 1654 2176 pro-

289 2189 469 2248 degerit,
493 2196 541 2230 ut
563 2187 632 2230 ille
649 2189 894 2231 adolescens
916 2188 958 2232 in
983 2188 1211 2247 Evangelio
1225 2221 1238 2239 ,
1262 2189 1334 2246 qui
1356 2188 1510 2247 legitur
1535 2203 1654 2232 acce-

283 2261 393 2320 pisse
415 2276 436 2303 a
458 2268 576 2319 patre
597 2260 838 2303 substantiae
859 2259 1123 2319 portionem,
1149 2269 1192 2302 et
1215 2276 1344 2319 egens
1363 2268 1488 2319 atque
1505 2259 1648 2319 inops,

258 2383 260 2387 μ
285 2346 369 2389 quo
391 2331 546 2373 famem
562 2331 742 2380 levaret,
762 2346 934 2389 pascere
957 2345 1103 2388 greges
1126 2330 1255 2388 coepit
1277 2330 1455 2380 alienos,
1478 2334 1528 2372 u’t
1542 2338 1651 2373 mer-

285 2402 389 2444 cede
406 2409 622 2459 sumptum
640 2410 856 2445 exerceret
874 2417 999 2445 suum
1012 2401 1052 2444 ³?
1067 2401 1151 2447 Sed
1172 2402 1242 2444 ille
1263 2410 1405 2445 tamen
1419 2396 1648 2460 *aliquando

284 2486 512 2515 conversus
526 2480 589 2515 est
599 2489 611 2523 3
631 2472 727 2531 quia
746 2473 918 2516 revertit
936 2473 990 2516 ad
999 2480 1164 2531 patrem
1176 2504 1188 2523 ‚
1212 2480 1255 2516 et
1274 2479 1450 2531 peccata
1466 2485 1540 2515 sua
1560 2467 1647 2518 iion

330 2571 340 2589 ¹
359 2562 436 2599 Job.
460 2572 526 2606 vu,
543 2563 635 2607 ¹·14·
651 2572 722 2609 -ξ
740 2564 844 2600 Eccli.
862 2575 962 2607 xxm,
981 2565 1020 2599 25
1033 2570 1067 2601 et
1083 2564 1138 2601 26.
1161 2582 1202 2593 —
1220 2565 1236 2591 ³
1249 2563 1330 2617 Luq·
1347 2543 1625 2618 xv,'1⁴3,et-³eqq'0
