1780 3120
348 256 431 299 252
886 268 918 295 s.
957 263 1149 296 Aunnosu
1197 260 1199 262 ·

342 346 439 404 ipsae
465 358 579 387 nunc
602 344 778 387 subditae
802 343 1015 402 triumpho
1047 341 1230 391 Christi,
1248 349 1292 384 ot
1316 340 1571 409 quibusdam
1606 356 1696 386 ma-

343 416 465 458 nibus
482 415 596 472 ejus,
623 416 665 458 id
687 423 772 465 est,
797 415 916 458 factis
935 413 1221 472 operibusque
1242 411 1466 469 subjectae,
1485 421 1700 472 perpetuae

342 486 524 527 subeunt
547 486 797 544 captivitatis
825 499 1068 527 aerumnam.
1107 483 1200 541 lpse
1221 482 1368 540 utique
1401 482 1473 540 qui
1499 484 1702 528 adoratur

341 570 363 596 a
384 555 528 604 nobis,
554 556 707 612 quihus
728 556 836 615 ispse
851 554 1043 614 permisit
1066 561 1112 597 ut
1131 553 1300 596 Patrem
1322 550 1523 597 vocemus
1537 586 1550 604 ,
1576 554 1700 613 cujus

342 641 507 668 servum
531 641 621 668 esse
643 626 807 668 virtutis
829 633 904 668 cst.
1230 626 1232 630 ’

399 694 551 738 XVIII.
571 713 587 735 α
610 695 782 739 Catulus
804 695 937 738 leonis
967 694 992 738 J
997 695 1090 738 uda.
1118 713 1134 734 »
1148 693 1298 738 Nonne
1319 694 1540 738 evidenter
1561 703 1605 739 et
1627 695 1701 740 Pa-

342 774 446 808 trem
475 767 704 825 expressit,
741 775 783 809 et
805 766 960 809 Filium
982 764 1239 809 declaravit?
1255 765 1372 818 Quid
1393 773 1480 809 tam
1503 765 1698 817 evidens,

341 851 423 892 quo
446 836 568 879 unius
591 845 750 879 naturae
782 837 913 880 Filius
934 836 1011 879 Dei
1038 852 1137 880 cum
1172 837 1296 880 Patre
1332 852 1423 880 esse
1458 836 1662 881 doceatur
1681 837 1702 880 Ρ

339 906 422 948 Leo
446 905 537 954 ille,
571 906 641 948 hic
670 909 834 950 catulus
856 907 1002 950 leonis.
1033 907 1114 952 Vili
1138 908 1481 967 comparatione,
1506 907 1700 966 ejusdem

340 983 500 1018 naturae
530 991 577 1018 ac
611 978 809 1035 potentiae
832 978 969 1021 unitas
1001 978 1263 1038 intelligitur.
1299 979 1389 1023 Rex
1413 995 1466 1023 ex
1487 969 1701 1040 rege‘pro-

340 1046 485 1095 cessit,
526 1046 644 1090 fortis
677 1063 727 1090 ex
751 1048 871 1092 forte.
904 1049 1013 1101 Quia
1046 1049 1209 1093 futuros
1245 1049 1505 1109 praevidebat
1544 1049 1615 1109 qui
1637 1048 1702 1093 ›fi-

340 1116 444 1159 lium
476 1127 711 1177 assererent
738 1119 918 1177 junioris
946 1120 1105 1171 aetatis,
1133 1120 1321 1164 occurrit
1351 1121 1416 1164 his
1438 1120 1697 1180 subjiciens:
1727 1138 1740 1152 Δ

351 1204 367 1225 α
383 1188 443 1229 Ex
464 1189 652 1246 germine
666 1223 677 1240 ‚
703 1189 762 1233 fili
783 1191 864 1242 mi,
889 1191 1125 1235 ascendisti.
1149 1192 1421 1236 Recumhens
1439 1193 1633 1236 dormisti
1654 1201 1702 1236 nt

340 1258 434 1299 »leo
450 1291 460 1307 ,
490 1267 531 1302 et
555 1268 755 1317 tanquam
786 1263 993 1305 catulus.»
1025 1263 1077 1320 Et
1099 1263 1199 1306 alibi
1219 1263 1351 1307 hahes
1366 1297 1376 1312 ‚
1414 1263 1514 1322 quia
1535 1265 1702 1308 catulus

339 1327 427 1385 ipse
454 1338 515 1372 ost
537 1331 603 1372 leo
625 1331 676 1374 de
709 1332 822 1375 tribu
844 1332 995 1376 Juda¹.
1025 1333 1137 1393 Ergo
1170 1334 1268 1392 quia
1293 1335 1483 1378 catulum
1513 1335 1698 1386 dixerat,

337 1397 447 1442 hene
468 1402 606 1443 statim
627 1403 793 1446 leonem
816 1404 982 1462 posuit,
1000 1404 1083 1447 hoc
1093 1413 1158 1448 est
1179 1405 1346 1449 dicere:
1366 1405 1460 1449 Non
1479 1405 1702 1465 capiantur

339 1483 459 1512 aures
485 1480 656 1522 vestrm,
686 1474 783 1530 quia
807 1477 997 1518 catulum
1024 1476 1276 1527 audierunt,
1305 1477 1461 1520 Filium
1487 1477 1698 1536 expressi,

336 1555 420 1581 non
452 1541 535 1583 dixi
567 1543 789 1588 minorem.
826 1546 880 1588 Et
909 1546 998 1605 ipse
1022 1555 1086 1590 est
1113 1549 1181 1590 leo
1212 1547 1322 1591 sicut
1346 1548 1483 1592 Pater.
1511 1547 1702 1592 Audiant

336 1610 430 1666 quia
448 1620 490 1654 et
510 1613 701 1663 leonem,
726 1623 768 1658 et
789 1618 978 1660 catulum
996 1618 1220 1676 appellavit
1242 1633 1251 1660 :
1274 1620 1444 1662 leonem
1466 1619 1587 1677 quasi
1610 1634 1701 1678 per-

335 1679 454 1723 sectae
479 1684 696 1743 plenaequo
722 1686 888 1731 virtutis
913 1703 922 1730 :
947 1689 1137 1731 catulum
1153 1721 1164 1738 ,
1188 1688 1307 1746 quasi
1328 1688 1486 1732 Filium
1499 1706 1512 1739 ς
1536 1704 1590 1733 ne
1606 1690 1700 1748 quis

338 1765 435 1794 cum
458 1754 621 1798 audiret
644 1759 848 1814 aequalem
868 1758 1005 1808 Patri,
1024 1773 1110 1801 non
1134 1766 1303 1818 putaret
1322 1758 1495 1802 Filium.
1521 1758 1617 1803 Non
1638 1760 1699 1804 sic

335 1821 531 1865 laudatur
540 1825 690 1877 Filius,
712 1836 759 1870 ut
776 1836 994 1888 separetur
1006 1845 1027 1872 a
1045 1829 1181 1886 Patre.
1206 1829 1281 1872 Ille
1295 1829 1450 1888 probat
1465 1832 1671 1889 aequalem
1684 1863 1696 1880 ,
1770 1859 1774 1862 -

339 1892 410 1948 qui
426 1893 578 1937 Filium
602 1897 841 1942 confitetur.

397 1964 514 2008 XIX.
557 1967 732 2012 Mirifice
763 1979 904 2014 autem
935 1979 979 2014 et
1016 1972 1353 2016 incarnationem
1384 1971 1477 2030 ejus
1496 1972 1702 2032 expressit

342 2036 484 2080 dicens
505 2052 547 2080 z«
569 2040 631 2081 Ex
656 2042 871 2099 germine,
896 2041 955 2086 fili
975 2042 1058 2094 mi,
1084 2043 1332 2094 ascendisti;
1353 2059 1434 2087 »eo
1460 2044 1576 2102 quod
1606 2053 1702 2088 tan-

343 2125 469 2166 quam
504 2111 642 2155 frutex
675 2121 798 2155 terrae
831 2113 969 2157 inalvo
993 2113 1176 2173 Virginis
1206 2114 1477 2173 germinavit,
1496 2123 1540 2158 et
1557 2122 1605 2158 ut
1623 2114 1703 2159 flos

344 2182 443 2223 boni
471 2183 610 2225 odoris
634 2185 686 2226 ad
711 2185 1049 2242 redemptionem
1072 2185 1223 2228 mundi
1244 2185 1374 2229 totius
1395 2185 1598 2231 maternis
1619 2186 1704 2230 vis-

342 2253 508 2294 ceribus
543 2255 750 2311 spendore
775 2269 893 2298 nova:
929 2256 1036 2299 lucis
1070 2257 1248 2300 emissus
1291 2257 1529 2300 ascenderit
1546 2291 1556 2307 .
1594 2257 1704 2302 sicut

343 2322 483 2364 Esaias
499 2323 601 2365 dicit
620 2339 629 2365 ε
646 2343 662 2364 α
679 2325 798 2368 Exiet
819 2326 934 2385 virga
945 2329 998 2370 de
1020 2327 1163 2370 radice
1183 2327 1325 2378 Jesse,
1343 2335 1386 2372 et
1401 2327 1480 2371 ssos
1492 2342 1544 2370 ex
1562 2328 1705 2372 radice

345 2410 360 2431 n
374 2393 465 2450 ejus
484 2389 719 2438 ascendet2.
735 2415 750 2436 »
777 2397 911 2441 Radix
930 2398 1087 2441 familia
1107 2398 1133 2441 J
1137 2400 1356 2442 udaeorum
1370 2432 1383 2449 ,
1411 2398 1527 2458 virga
1548 2399 1702 2450 Maria,

343 2461 420 2504 ssos
443 2464 581 2507 Mariae
610 2465 813 2510 Christus.
832 2468 962 2511 Recte
977 2469 1092 2528 virga
1106 2502 1117 2519 ,
1131 2481 1235 2527 quae
1258 2470 1409 2529 regalis
1429 2477 1494 2513 est
1511 2470 1702 2530 generis.

345 2534 395 2581 de
425 2536 550 2577 domo
572 2543 613 2577 et
647 2536 780 2594 patria
801 2538 959 2589 David,
985 2539 1108 2599 cujus
1129 2540 1207 2586 ssos
1229 2539 1422 2585 Christus
1443 2548 1507 2584 est
1527 2540 1601 2600 qui
1624 2540 1705 2587 soe-

390 2633 399 2651 ⁸
422 2626 522 2669 Apoc.
541 2637 571 2667 v,
589 2628 622 2661 5.
638 2645 678 2651 -
698 2638 709 2652 ²
726 2629 802 2663 [sai.
819 2640 864 2668 xi,
886 2641 915 2668 ι.
