1780 3120
7 2543 19 2560 t
14 2458 24 2470 -s
8 2418 22 2436 ἢ
0 2211 21 2393 2¹51;,-<.x⁶5²?³ssz·??1<‘
0 2019 17 2201 ’.ὢυιΜἭ-μω·
11 1957 13 1959 ,
10 1927 14 1930 ,
10 1875 13 1898 2„

351 232 405 260 nn
435 232 533 260 ειη
566 231 619 260 u·
651 230 829 260 summo.
868 232 990 262 uun
1021 232 1139 264 uuus.
1342 219 1428 278 319

71 313 146 357 sed
166 311 330 371 apernit
348 310 460 355 Elias
480 310 554 369 qni
574 317 720 370 raptus
738 318 804 354 est
824 325 953 355 curru
978 311 1142 371 igneo¹.
1162 313 1219 357 Et
1244 329 1319 358 vos
1350 330 1430 374 po—

72 383 190 428 testis
229 382 479 431 ascendere,
514 381 548 424 si
585 382 839 425 sacramenti
877 383 1057 441 gratiam
1090 386 1423 444 consequamini.

74 453 308 510 Quousque
329 450 659 495 delectationes?
678 450 900 510 quousque
922 455 1278 499 comessationes?
1299 457 1432 501 Instat

71 523 222 583 judicii
243 522 332 565 dies
343 539 356 572 ς
369 523 472 565 dum
488 521 631 565 differs
646 523 841 581 gratiam,
853 538 969 567 mors
978 524 1303 583 appropinquat.
1323 527 1431 580 Quis

76 593 217 637 dicat:
246 592 368 636 Nunc
396 592 502 635 mihi
526 607 613 635 non
638 601 781 643 vacat,
811 602 1045 652 occupatus
1075 610 1194 644 sum,
1217 610 1304 638 non
1327 596 1433 640 mihi

78 664 339 708 demonstres
368 665 513 706 lumen
526 696 541 714 ,
573 665 674 707 nolo
693 672 781 707 tam
801 664 887 708 cito
902 679 971 707 me
992 665 1174 708 redimas
1187 698 1199 714 ‚
1220 672 1308 709 non
1330 667 1434 710 mihi

78 734 219 778 adhuc
242 749 349 793 opus
368 742 431 777 est
452 749 631 792 regnum
653 733 855 777 coeleste?
874 733 1025 778 Nonne
1046 734 1133 778 hoe
1152 735 1255 778 dicit
1276 737 1349 794 qui
1369 753 1437 781 ex-

78 813 200 848 cusat
213 820 258 848 se
272 820 295 847 a
307 804 587 864 baptismate?
602 805 654 847 Et
670 813 826 863 quauta
843 805 975 863 gratia
992 805 1223 854 renovaris,
1241 821 1267 848 o
1282 806 1434 850 homo!

70 875 296 933 Pon-garis,
330 883 372 918 et
402 890 488 918 non
509 875 727 918 exureris:
751 875 937 925 sanaris,
959 883 1003 918 et
1022 891 1110 918 non
1131 876 1249 918 doles
1267 892 1278 918 ε
1302 876 1438 919 resor-

80 945 229 995 maris,
267 953 312 988 et
339 961 424 988 nou
469 945 708 988 dissolveris
728 961 739 987 :
763 946 897 988 ictum
932 946 1081 989 mortis
1116 961 1204 989 non
1251 947 1436 1006 excipis,

81 1007 134 1058 et*
164 1014 357 1074 resurgis.
403 1015 458 1058 Et
495 1016 634 1058 adhuc
674 1016 911 1058 dissimulas
932 1032 945 1064 ;
992 1016 1133 1059 adhuc
1173 1025 1369 1075 expectas
1389 1027 1439 1061 ut

82 1086 196 1130 vivas
222 1087 400 1135 saeculo,
430 1095 575 1145 postea
598 1095 641 1130 te
659 1102 847 1130 reservas
867 1087 972 1130 Deo.
999 1087 1171 1145 Ignoras
1198 1089 1313 1145 quod
1335 1088 1440 1131 Cain

83 1165 305 1217 propterea
325 1157 584 1216 displicuerit
601 1157 877 1210 sacrificium,
900 1157 1101 1215 quoniam
1122 1173 1208 1200 non
1228 1158 1439 1216 primitiva

85 1227 254 1276 obtulit,
278 1229 354 1270 sed
374 1227 596 1286 primitivis
618 1229 707 1287 ipse
725 1228 975 1287 perfunctus
992 1237 1073 1278 est,
1090 1230 1146 1271 de
1165 1229 1441 1298 seguentibus

85 1313 242 1342 munus
256 1298 345 1341 Deo
366 1299 543 1341 tentavit
558 1298 712 1342 offerre
731 1315 743 1340 ε
766 1298 873 1342 Abel
891 1307 1030 1342 antem
1045 1298 1329 1357 primitiarum
1344 1313 1443 1342 sua-

86 1385 183 1413 rum
210 1369 425 1413 oblatione
451 1371 671 1428 praelatus,
704 1370 862 1413 meruit
886 1369 1038 1428 insigni
1073 1369 1240 1427 pietatis
1279 1367 1440 1413 laudari

87 1441 275 1484 oraculo.

137 1529 333 1573 ¹⁴Begau
351 1540 405 1563 n.
