1780 3120
279 262 369 316 διδ
792 277 1131 308 ANNOTATIONES.

277 361 391 406 idem
416 356 637 402 eunuchus
665 364 867 414 tanquam
891 357 996 400 alter
1019 355 1166 400 Doe‘ch
1187 355 1350 414 fraudo
1369 370 1517 417 regem
1531 372 1647 403 eom·

274 433 421 477 movit
441 431 491 471 in
517 427 771 477 sacerdotis,
793 426 839 469 id
862 435 943 477 est,
971 425 1193 486 ipsiusmet
1212 426 1444 477 Ambrosii,
1471 427 1645 487 perieu-

276 505 400 553 &ch
424 509 466 543 et
485 507 687 556 tanquam
715 498 820 540 aller
839 497 978 540 Aman
1000 496 1232 540 crudeliter
1257 497 1542 542 orthodoxum
1565 513 1646 557 po-

276 574 427 632 pulum
469 569 682 627 exagitans
720 576 845 626 atque
884 568 1082 611 divexans
1122 567 1290 610 nullum
1331 566 1517 626 lapidem
1555 582 1642 613 non

269 643 497 692 movebat,
535 648 580 683 ut
602 639 662 682 illi
686 654 781 681 suas
801 637 1009 681 Ecclesias
1032 637 1239 696 eriperet,
1267 651 1422 695 easque
1457 636 1640 689 ArIanis,

272 728 458 772 quorum
479 710 740 769 impietatem
765 709 1036 766 sequebatur,
1063 714 1279 751 assereret.
1313 705 1382 750 Ad
1402 715 1644 752 extremum

270 800 325 827 eo
353 782 485 826 crevit
517 780 608 838 ejus
642 779 823 822 amentia
855 786 903 820 ut
925 778 1041 827 aliis,
1067 793 1224 836 nempe
1251 785 1399 820 sancto
1431 776 1642 836 Episcopo

270 854 500 897 intentaret
520 850 668 893 mortis
690 849 928 907 perieulum
954 865 963 891 :
988 849 1064 891 sed
1083 863 1170 891 non
1193 848 1416 890 advertens
1437 862 1532 905 quae
1560 846 1639 906 ipsi

269 925 335 966 vir
357 930 528 966 sanctus
543 920 811 980 praedieeret,
828 918 1095 962 minabatur
1109 918 1216 962 αίίίε
1236 919 1323 975 ipse
1342 933 1451 963 mom
1470 917 1642 977 suppli-

267 996 338 1038 cio
370 993 591 1036 dedendas
625 1002 839 1034 ext-remo.
882 990 936 1034 Et
963 1005 1109 1033 revera
1136 989 1252 1032 haud
1285 988 1345 1033 ita
1377 989 1515 1033 multo
1545 996 1642 1047 post

266 1066 411 1109 favore
429 1062 696 1122 imperatoris
718 1061 898 1110 excidit;
917 1068 960 1103 et
983 1060 1084 1104 licet
1110 1059 1264 1118 impius
1288 1059 1359 1103 ille
1384 1060 1438 1103 ad
1460 1058 1636 1112 Christi,

267 1135 394 1193 cujus
409 1133 682 1177 Divinitatem
705 1131 990 1182 inficiabatur,
1015 1134 1206 1181 servum,
1233 1130 1316 1174 hoc
1337 1138 1428 1180 est,
1453 1128 1641 1175 Ambro-

265 1205 379 1248 sium
399 1219 527 1262 quem
551 1212 637 1246 tam
658 1202 1041 1245 insolenter'suerat
1065 1201 1322 1252 insectatus,
1349 1199 1637 1260 confugisset,

262 1289 366 1319 mox
386 1283 529 1317 tamen
555 1272 767 1316 carnificis
786 1273 925 1330 gladio
949 1280 1174 1315 truncatus
1194 1279 1272 1316 est.

622 1408 867 1437 AMNOTATIO
903 1391 994 1453 (39)
1031 1409 1125 1452 pag.
1168 1394 1297 1448 224.r

321 1518 451 1573 Quod
469 1516 622 1567 Ruben
648 1515 803 1558 dicitur
826 1514 1061 1557 humilitas
1086 1548 1096 1565 ‚
1126 1530 1213 1557 non
1239 1515 1318 1558 ista
1340 1511 1634 1572 interprefatio

262 1587 447 1630 nominis
465 1594 551 1636 est,
577 1587 651 1628 sed
673 1586 820 1628 allusio
845 1587 894 1628 ad
916 1587 1060 1628 locum
1083 1585 1285 1635 Genesis,
1311 1600 1532 1644 cap.xxlx‚
1558 1585 1628 1629 52.

263 1659 339 1701 ubi
353 1660 406 1701 de
421 1658 495 1702 Lia
508 1658 664 1700 dicitur
685 1673 694 1698 :
712 1656 754 1699 V
755 1658 983 1713 ocavitque
998 1672 1159 1700 nomen
1170 1658 1264 1715 ejus
1278 1655 1437 1701 liuban
1452 1655 1601 1701 dicem
1613 1669 1630 1700 .·

259 1727 394 1771 Vidit
410 1729 526 1772 Deus
543 1727 842 1770 humilitatem
865 1742 1036 1776 meam,
1062 1735 1146 1770 etc.

625 1838 872 1890 ANNOTATio
909 1845 1000 1904 (40)
1038 1861 1133 1904 pag.
1175 1845 1273 1889 228.

321 1965 371 2011 M
375 1965 516 2016 orale,
542 1965 612 2009 hie
635 1980 720 2007 non
738 1964 852 2007 idem
877 1962 1086 2022 significat
1113 1977 1163 2005 ae
1189 1976 1341 2021 supra,
1366 1961 1411 2005 id
1435 1960 1634 2007 videlicet

258 2040 378 2098 quod
401 2039 453 2081 ad
475 2036 783 2081 institutionem
804 2050 974 2078 morum
1005 2034 1222 2078 conducit.
1257 2034 1344 2077 Sed
1366 2033 1545 2092 perinde
1568 2042 1633 2079 est

260 2126 313 2153 ae
333 2110 368 2153 si
388 2110 503 2153 dicas
528 2124 536 2152 ε
554 2127 571 2149 α
593 2109 729 2152 Mores
754 2106 979 2150 hominum
1002 2106 1059 2149 ita
1081 2121 1125 2149 se
1146 2105 1327 2155 habent3
1347 2122 1363 2145 n
1378 2105 1444 2148 vel
1468 2104 1632 2165 simpli-

257 2182 352 2224 cius
377 2197 388 2223 z
408 2199 424 2221 «
446 2181 537 2225 Hoc
567 2180 610 2222 in
632 2194 750 2222 more
778 2178 965 2237 positum
985 2185 1061 2220 est.
1091 2195 1107 2218 »
1130 2177 1252 2220 Unde
1275 2174 1404 2235 paulo
1429 2183 1525 2234 post
1556 2189 1633 2219 eo-

254 2253 356 2295 dem
372 2267 506 2294 *seusu
525 2266 534 2294 :
558 2249 858 2298 Consuetudo,
885 2248 1037 2308 inquit,
1061 2256 1102 2290 et
1118 2246 1270 2306 gratia
1285 2244 1524 2291 charitatis
1539 2253 1602 2290 ost
1613 2277 1627 2298 ,

255 2332 307 2366 αι
335 2322 532 2374 dilectos,
558 2329 613 2365 et.
623 2335 646 2364 c

619 2449 866 2480 ΑΝΝοΤΑΤῙο
902 2433 993 2493 (41)
1029 2447 1130 2494 pag.·
1163 2431 1261 2476 236.

319 2539 500 2598 Allogat
521 2539 728 2584 Paulum.
751 2539 830 2583 Hic
847 2554 950 2593 vox„
975 2536 1189 2599 allegari,
1214 2536 1328 2582 idem
1347 2535 1461 2583 valet
1478 2540 1522 2580 et
1542 2532 1628 2595 sig-

252 2609 405 2665 uificat
427 2625 476 2655 ac
489 2611 657 2672 lagatus
674 2611 818 2656 mitti.
1620 2632 1627 2638 .
