1780 3120
286 228 372 283 488
792 286 795 288 ‚
830 242 862 273 s.
903 240 1093 273 innuosa

285 399 344 410 §.n
350 397 583 411 mom-um
590 397 900 411 mxv-wmmns
906 398 962 411 ιιι
968 398 1023 410 ιιι
1030 397 1651 413 mmmwsvmsmmmmmmm

829 519 1008 564 CAPUT
1040 519 1108 564 IV.

291 670 787 727 Peccatorosiniquitate
803 671 992 728 propria
1006 669 1159 713 vestiri
1175 686 1189 712 .·
1206 670 1324 725 quod
1343 670 1656 714 vestimentum

347 756 377 782 a
395 739 522 783 nobis
543 740 861 798 rejiciendum,
891 750 939 782 ut
962 738 1464 784 vestimenzo'virtatum
1492 741 1654 785 indua-

346 826 450 853 mur
459 829 477 861 ;
498 826 551 853 ao
562 812 845 869 potissimum
856 811 1032 868 jejunii
1044 828 1058 852 .·
1077 810 1157 854 hoc
1172 827 1213 854 se
1232 811 1401 854 utiliter
1416 811 1656 869 doseplmm

351 882 560 925 induisse.
595 884 639 924 A
644 882 829 924 dam-um
847 882 1018 924 omui-§se
1039 897 1142 924 cum
1159 883 1293 941 gravi
1311 882 1479 925 damno
1492 897 1506 926 .·
1527 882 1655 926 deni·

347 967 428 1008 que
452 952 485 995 J
490 951 718 995 admoram
740 952 1029 1008 iniquitatem
1052 953 1181 1008 quasi
1203 967 1259 995 ex
1279 952 1411 1009 adipe
1430 951 1655 1009 prodeun-

351 1033 437 1066 tem
458 1037 670 1082 magnam
693 1039 744 1065 ae
762 1022 1055 1066 deliberatam
1072 1023 1283 1070 eoetitisse.

352 1158 407 1202 Χ.
425 1175 442 1197 ι
464 1160 566 1204 11)Εο
597 1160 802 1214 obtinuit,
834 1161 995 1220 inquit,
1027 1175 1099 1204 eos
1124 1161 1320 1219 superbia
1349 1174 1498 1203 eorum
1515 1192 1527 1210 ,
1554 1172 1654 1204 coo-

288 1231 426 1289 »perti
462 1240 561 1275 sunt
583 1232 804 1290 iniquitate
837 1241 881 1276 et
906 1232 1122 1291 impietate
1149 1247 1224 1275 sua
1245 1230 1276 1275 ¹.
1304 1250 1321 1273 υ
1341 1232 1500 1276 Malum
1527 1231 1653 1274 vesti-

288 1310 482 1346 mentum
512 1303 735 1362 iniquitas,
759 1305 875 1361 quod
905 1303 938 1345 si
961 1303 1054 1361 quis
1078 1303 1262 1347 voluerit
1285 1303 1328 1346 in
1349 1303 1473 1347 nobis
1489 1311 1651 1351 tenere,

286 1373 502 1417 remittere
522 1389 599 1416 nos
619 1382 811 1432 oportet,
841 1389 895 1418 ne
919 1374 1095 1433 incipiat
1115 1375 1158 1417 in
1175 1374 1386 1432 judicium
1407 1374 1551 1418 venire
1573 1389 1654 1417 no-

287 1443 477 1494 biscum3
509 1452 553 1487 et
584 1445 619 1488 si
654 1444 747 1502 quis
786 1445 977 1488 tunicam
1010 1452 1198 1488 nostram
1238 1460 1367 1502 quam
1411 1443 1653 1503 accepimus

285 1513 515 1572 spiritalem
545 1514 709 1558 auferre
743 1524 938 1566 conetur,
980 1515 1149 1558 remitte
1185 1515 1361 1574 pallium
1393 1513 1649 1572 iniquitatis,

284 1599 402 1628 sume
430 1585 743 1644 operimentum
770 1585 869 1629 fidei
904 1595 1029 1643 atque
1059 1585 1295 1644 patieutiae,
1325 1599 1410 1643 quo
1438 1599 1483 1627 se
1516 1583 1652 1628 David

287 1657 505 1715 operiebat
538 1656 581 1700 in
614 1656 803 1715 jejunio,
833 1672 888 1700 ne
917 1656 1130 1699 amitteret
1164 1655 1442 1714 integimenta
1467 1654 1645 1698 virtutis.

284 1727 426 1785 Ipsum
447 1727 659 1786 jejunium
680 1727 994 1786 operimentum
1016 1734 1091 1769 est.
1122 1725 1316 1783 Denique
1344 1724 1424 1768 nisi
1453 1733 1649 1768 sanctum

280 1796 441 1857 «Ioseph
481 1799 651 1842 texisset
688 1797 833 1856 jejuna
877 1797 1106 1846 sobrietas,
1154 1797 1356 1839 adulterae
1397 1795 1649 1854 protervitas

282 1868 478 1912 exuisset.
510 1869 607 1921 Quo
633 1868 794 1925 jejunio
817 1868 850 1910 si
876 1883 920 1911 se
939 1875 1082 1926 tegere
1105 1867 1306 1910 voluisset
1321 1866 1481 1916 Adam,
1507 1865 1648 1909 nudus

283 1954 369 1982 non
390 1940 537 1983 fuisset
556 1939 745 1983 effectus.
768 1939 853 1983 Sed
866 1939 964 1997 quia
987 1940 1039 1982 de
1053 1938 1167 1997 ligno
1180 1937 1363 1993 scientiae
1378 1937 1480 1980 boni
1496 1937 1647 1981 etmali

281 2019 427 2054 contra
442 2010 717 2054 interdictum
730 2012 900 2054 coeleste
913 2011 1094 2070 gustavit
1109 2019 1152 2054 et
1168 2011 1423 2069 imperatum
1434 2010 1646 2069 jejunium

280 2082 576 2138 praevaricatus
600 2094 664 2126 est
685 2083 1003 2126 incontinentiae
1032 2083 1128 2126 cibo
1143 2115 1154 2133 ‚
1177 2084 1341 2126 nudum
1363 2099 1408 2127 se
1432 2098 1523 2126 esse
1543 2099 1646 2142 cog-

282 2153 410 2196 novit.
443 2154 571 2206 Quod
592 2154 624 2197 si
644 2155 899 2214 jejunasset,
930 2162 972 2197 et
1001 2154 1099 2197 fidei
1126 2163 1330 2198 servasset
1351 2155 1539 2206 exuvias,
1564 2155 1644 2198 nec

281 2241 325 2268 se
345 2225 570 2284 aspexisset
591 2226 812 2270 intectum.
838 2227 931 2271 Non
951 2242 1051 2286 ergo
1077 2242 1154 2271 nos
1179 2228 1404 2271 induamus
1421 2227 1643 2285 iniquitate

277 2305 320 2339 et
340 2297 577 2356 impietate,
600 2314 655 2341 ne
677 2300 730 2342 de
752 2298 891 2356 aliquo
913 2300 1106 2342 nostrfim
1130 2299 1321 2342 dicatur:
1337 2299 1419 2342 «Et
1440 2298 1578 2343 induit
1595 2313 1641 2342 se

275 2369 646 2413 »maledictionem
663 2369 694 2413 ².
711 2371 846 2414 »Male
866 2386 910 2414 se
927 2371 1065 2415 induit
1085 2379 1127 2415 et
1143 2371 1301 2422 Adam,
1321 2372 1393 2431 qui
1412 2374 1514 2415 dum
1527 2386 1641 2431 qua:-

272 2448 385 2483 reret
415 2440 688 2500 integimenta
726 2441 948 2493 foliorum,
988 2432 1299 2488 maledictionis
1338 2442 1506 2503 excepit
1542 2458 1640 2487 sen-

271 2511 459 2555 tentiam.
1475 2536 1478 2538 ’
1515 2543 1519 2546 «

316 2617 323 2631 ¹
347 2607 432 2642 psal.
451 2618 550 2645 tun.
566 2609 598 2641 6.
616 2626 655 2634 -
670 2616 685 2633 ·
706 2608 757 2642 Id.
773 2619 867 2645 cun.
884 2608 936 2642 ¹8.
