1780 3120
373 253 428 282 m!
458 251 580 281 lsAAc
614 251 670 282 n·
703 250 849 281 utun.
888 250 1009 279 mnan
1041 250 1160 280 URUS.
1400 253 1461 284 21

86 322 205 372 retia.
242 327 359 382 Quid
386 337 451 373 est
485 328 589 380 hoc,
616 329 696 373 nisi
720 329 829 373 sorte
850 327 948 388 quia
978 328 1047 372 illa
1069 328 1172 372 retia
1196 328 1320 372 nobis
1341 338 1467 381 sunt,

86 413 175 443 non
194 392 270 443 illi.
293 399 414 444 Retia
440 409 555 450 sunt,
578 416 630 444 eo
652 401 769 459 quod
792 399 932 444 adhuc
954 399 1024 443 illa
1046 398 1185 442 anima
1204 400 1313 443 intra
1330 399 1469 444 sensi-

86 469 189 513 bilia
217 477 262 513 et
289 469 505 513 mundana
535 470 613 521 sit,
649 485 743 529 quae
776 477 966 513 mentem
995 469 1182 512 hominis
1215 486 1385 529 capere,
1415 478 1470 514 et.

85 539 271 597 quodam
292 540 387 582 sinu
407 540 582 599 proprio
598 548 912 584 consueverunt
933 540 1163 582 involvere.
1191 539 1332 583 Posito
1355 555 1466 598 ergo

88 608 229 653 adhuc
245 610 288 653 in
303 610 592 662 saeculaun‘hus,
611 612 686 655 sed
702 619 846 655 tamen
862 610 1069 669 quaerenti
1084 625 1184 653 eum
1199 625 1277 668 per
1293 610 1397 653 retia
1415 624 1469 653 se

88 680 288 724 ostendit,
1237 685 1243 688 “

144 747 350 795 XXXIV.
384 751 579 810 Denique
590 751 694 796 dicit
706 753 759 796 ad
770 752 956 796 animam
967 751 1205 810 ejusmodi:
1232 770 1248 791 ι
1268 751 1467 810 Exurge,

88 821 214 864 »voni
241 822 432 880 proxima
463 821 582 865 mea⁵
601 855 613 872 ,
631 842 647 863 ι
674 822 719 866 id
746 831 835 872 est,
870 837 1027 882 exurge
1054 839 1077 866 a
1105 822 1468 866 delectationibus

87 891 260 941 mundi,
282 907 438 951 exurge
458 909 482 936 a
502 892 701 944 terrenis,
726 901 771 937 et
790 893 887 936 veni
911 893 964 936 ad
985 909 1081 943 me,
1117 908 1210 952 quae
1234 893 1373 936 adhuc
1395 893 1469 936 la·-

89 960 236 1011 boras,
259 969 304 1004 et
325 971 498 1006 onerata
523 978 589 1013 es,
624 963 721 1021 quia
748 963 929 1006 sollicita
958 979 1003 1006 es
1036 979 1130 1021 quae
1162 972 1262 1006 sunt
1289 962 1466 1006 mundi-

86 1025 198 1074 Veni
218 1046 345 1091 supra
365 1034 591 1083 mundum,
610 1033 707 1077 veni
728 1033 782 1077 ad
800 1049 888 1083 me,
906 1033 1004 1092 qnia
1025 1049 1103 1092 ego
1126 1034 1208 1076 vici
1230 1034 1464 1077 mundum.

87 1098 197 1146 Veni
216 1117 352 1162 prope
370 1119 440 1147 me
458 1104 548 1163 jam
568 1104 747 1164 pulchra
768 1112 937 1147 aeternae
961 1105 1056 1147 vitae
1078 1105 1250 1155 decore,
1277 1104 1367 1162 jam
1385 1118 1468 1147 co-

87 1173 254 1224 lumba,
274 1174 319 1217 id
336 1183 422 1225 est,
443 1174 557 1218 mitis
579 1183 707 1233 atque
726 1182 969 1224 mansueta,
994 1174 1080 1231 jam
1102 1182 1190 1217 tota
1214 1176 1349 1233 plena·
1362 1189 1469 1233 gra-

89 1244 159 1287 tiae
180 1244 389 1304 spiritalis,
413 1244 520 1290 Jure
545 1261 647 1306 ergo
664 1245 754 1305 jam
774 1245 879 1289 retia
901 1246 1053 1289 timere
1076 1261 1164 1289 non
1187 1246 1330 1295 debet,
1358 1261 1468 1290 eum

89 1313 125 1358 is
142 1323 266 1358 vocet
287 1317 340 1360 ad
361 1332 407 1360 se
428 1317 635 1367 animam,
667 1317 741 1375 qui
769 1317 1045 1360 tentamentis
1066 1325 1109 1360 et
1128 1317 1290 1360 retibus
1310 1316 1470 1360 mundi

90 1399 177 1428 non
205 1386 345 1446 potuit
373 1387 480 1447 capi.
515 1387 622 1431 Nam
652 1402 752 1431 cum
786 1403 863 1431 nos
893 1388 1089 1431 homines
1119 1388 1388 1431 ambulemus
1418 1387 1472 1431 in

89 1450 233 1499 medio
250 1457 523 1515 laqueorum,
546 1473 625 1517 per
645 1459 932 1518 appetentiam
953 1474 1061 1502 escae
1085 1459 1247 1502 retibus
1270 1458 1398 1501 simul
1418 1466 1474 1502 e&

90 1526 251 1584 laqueis
275 1527 447 1571 obnoxii
477 1543 638 1572 sumus.
676 1529 753 1572 llle
781 1529 825 1572 in
847 1543 1027 1588 corpore
1054 1529 1218 1588 positus
1246 1528 1351 1571 retia
1373 1541 1469 1571 non

92 1596 286 1648 timebat,
313 1599 391 1642 sed
415 1598 630 1642 eminebat
660 1614 789 1658 super
818 1599 942 1648 retia,
973 1599 1018 1642 id
1049 1607 1129 1649 est,
1160 1614 1289 1657 super
1320 1606 1470 1641 tenta-—

90 1677 235 1712 menta
257 1670 423 1718 mundi,
443 1678 487 1713 et
506 1669 696 1730 corporis
716 1670 956 1728 passiones;
979 1669 1065 1712 imo
1084 1677 1129 1712 et
1150 1669 1253 1712 alios
1272 1667 1470 1712 eminere

91 1737 286 1791 faciebat.
313 1739 499 1798 Ideoque
513 1740 642 1783 etiam
657 1740 768 1783 hanc
790 1741 974 1783 animam
992 1740 1172 1784 fundare
1187 1741 1334 1783 volens
1351 1738 1475 1782 dice-

91 1808 192 1853 bat:
206 1828 224 1850 ι
239 1810 423 1870 Exurge,
437 1810 535 1855 veni
555 1811 748 1871 proxima
763 1826 859 1855 mea
870 1844 882 1862 ,
896 1830 914 1852 ι
925 1812 1014 1855 noli
1030 1811 1182 1855 timere
1200 1811 1318 1854 retia.

151 1879 335 1926 XXXV.
381 1881 507 1925 «Jam
527 1882 730 1941 praeteriit
744 1881 939 1941 hyems',
953 1882 1028 1924 »id
1046 1890 1126 1932 est,
1150 1882 1266 1925 venit
1283 1880 1470 1932 Pascha,

88 1950 204 1995 venit
236 1952 522 2012 indulgentia,
554 1950 669 1996 'venit
699 1951 893 1996 remissio
931 1960 1236 2011 peccatorum,
1284 1949 1470 1995 cessavit

95 2021 288 2073 tentatio,
311 2023 450 2066 imber
470 2022 588 2073 abiit,
609 2022 798 2082 procella
821 2021 925 2065 abiit
945 2029 989 2065 et
1010 2021 1236 2080 quassatio.
1259 2021 1371 2064 Ante
1387 2020 1470 2064 ad·

93 2102 270 2137 ventum
286 2093 442 2137 Christi
458 2093 608 2152 hyems
623 2102 703 2144 est,
724 2101 821 2152 post
840 2094 1070 2137 adventum
1092 2092 1185 2151 ejus
1201 2091 1329 2135 flores
1345 2100 1466 2135 sunt.

97 2164 220 2207 Unde
238 2164 298 2207 ait
313 2180 323 2206 :
338 2164 513 2209 «Flores
535 2164 612 2208 visi
637 2164 796 2208 suntin
815 2162 971 2207 terra⁸.
989 2182 1006 2203 ι
1019 2163 1100 2207 Ubi
1122 2171 1218 2206 ante
1240 2162 1387 2221 spinae,
1406 2160 1472 2205 ibi

97 2248 212 2277 nunc
232 2233 371 2279 flores.
390 2235 620 2295 «Tempus,
638 2234 792 2293 inquit,
810 2234 982 2283 secandi
1002 2232 1212 2277 advenit⁴.
1234 2251 1251 2272 ι
1264 2232 1345 2275 Ubi
1369 2239 1476 2274 ante

99 2303 329 2355 desertum,
353 2305 412 2348 ibi
434 2320 548 2349 nunc
567 2306 715 2350 messis
734 2312 810 2349 est.
829 2322 846 2344 ι
864 2304 956 2349 Vox
972 2304 1149 2347 turturis
1171 2302 1314 2347 audita
1334 2309 1399 2345 est
1420 2301 1473 2346 iu

98 2393 116 2415 ι
130 2382 240 2418 terra
260 2374 444 2418 nostra⁶.
460 2376 606 2419 »Bene
628 2375 791 2419 addidit
810 2374 1044 2434 Propheta,
1076 2393 1093 2413 ι
1105 2374 1277 2423 Nostra,
1297 2392 1314 2413 ι
1346 2370 1474 2431 quasi

99 2443 312 2488 admirans
326 2444 442 2503 quod
457 2445 531 2488 uhi
546 2453 644 2489 ante
659 2444 940 2505 impudicitia,
959 2445 1017 2488 ibi
1034 2460 1149 2489 nunc
1168 2444 1351 2488 castitas.

155 2514 359 2561 XXXVI.
404 2534 421 2555 ι
442 2516 569 2561 Ficus
602 2516 779 2576 protulit
815 2531 983 2576 grossos
1020 2515 1166 2559 suos‘.
1190 2534 1207 2556 ι
1235 2515 1342 2570 Quae
1369 2521 1477 2557 ante

146 2614 159 2631 ¹
172 2606 317 2646 Cannu.
329 2607 552 2642 now-dbia.
575 2609 697 2643 u.-⁸
709 2607 798 2645 thid.
815 2619 909 2644 ιι-
926 2611 942 2638 ⁴
954 2604 1392 2642 lbid..-⁸1bid.—⁶1bid
1419 2603 1490 2640 23·
