1780 3120
157 259 212 288 nn
244 254 618 303 rznxmcnomnus
643 234 1018 287 ruauucnnuu.
1057 258 1179 288 tuan
1210 257 1327 288 unus.
1375 245 1462 301 249

97 334 264 394 quitiae,
306 334 365 378 ibi
403 349 518 378 nunc
556 333 690 377 sancti
728 333 968 389 sacerdotes
1003 334 1243 393 magisteria
1281 335 1463 378 doceant

22 439 26 441 -
98 405 325 455 castitatis,
347 413 390 447 et
407 404 587 464 plurima
612 404 823 464 virginalis
848 403 1101 465 integritatis
1127 406 1320 465 exempla
1347 420 1460 464 quo-

4 487 19 541 ,ᾗ
98 474 202 521 dam
222 490 413 537 supcrnae
432 476 540 520 lucis
565 475 730 536 fulgore
755 477 1065 536 resplendeant.

154 546 273 591 Xlss.
312 547 466 590 Tribus
497 546 625 605 igitur
653 555 751 590 sunt
774 562 869 605 quae
902 547 1178 606 designantur
1210 546 1460 601 nominibus

24 620 27 627 ²
92 618 461 666 patriarcharum,
491 617 589 678 qnia
619 618 672 661 de
709 618 823 662 trihu
853 617 1041 677 Symeon
1073 618 1222 662 scribae
1247 625 1368 667 suut,
1406 617 1462 660 de

97 689 213 733 tribu
238 689 339 734 Levi
359 689 575 749 principes
596 688 891 740 sacerdotum,
914 689 989 748 qui
1010 688 1282 748 perfecerunt
1299 686 1462 746 nequi-

92 759 197 804 tiam
227 775 346 804 suam
388 761 436 804 in
465 760 637 804 Domini
671 759 893 820 passione,
919 774 1165 803 mensuram
1187 773 1359 802 omnem
1380 773 1459 818 pa-

17 843 19 845 ’
93 838 227 875 ternae
259 831 487 892 impietatis
522 832 759 891 implentes.
794 829 879 890 Ipsi
909 830 1135 874 consilium
1167 829 1461 889 cogitaverunt

96 904 295 946 adversus
305 903 536 947 Dominum
549 901 724 951 Jesum',
739 909 787 944 ut
796 900 1042 944 occiderent
1052 916 1174 950 eum,
1193 890 1304 943 sicut
1318 899 1461 943 Esaias

94 973 219 1017 dicit:
235 966 332 1018 «vie
343 973 493 1016 animae
505 971 693 1032 ipsorum
701 1006 712 1021 ,
724 971 1127 1030 quia'cogitavernnt
1141 970 1463 1014 consilinmma-

95 1053 113 1086 ί
124 1046 214 1088 lum
233 1045 456 1088 adversum
473 1059 518 1087 se
534 1044 747 1087 dicentes:
766 1042 999 1102 Alligemus
1014 1041 1176 1100 justum
1188 1074 1200 1091 ,
1218 1041 1317 1099 quia
1335 1039 1462 1083 inuti-

3 1095 35 1148 ἐξ
95 1136 113 1157 ι
124 1117 176 1160 lis
189 1125 254 1161 est
272 1117 395 1160 nobis
404 1116 418 1139 ¹
426 1135 461 1160 ,ι
472 1116 557 1175 Ipsi
568 1115 820 1159 occiderunt
829 1114 1063 1173 Prophetas
1072 1146 1085 1163 ,
1097 1121 1141 1157 et
1152 1113 1377 1172 Apostolos
1387 1127 1459 1154 an·

2 1235 3 1238 Ἴ
94 1187 338 1231 nuntiantes
354 1186 526 1230 Domini
545 1185 772 1229 Salvatoris
791 1186 1042 1234 adventum,
1069 1183 1275 1243 passionis
1293 1182 1388 1240 ejus
1414 1189 1459 1225 et

96 1245 420 1302 resurreetionis
434 1257 613 1315 gloriam
633 1257 925 1315 praedicantes.
942 1254 1025 1314 lpsi
1035 1262 1180 1313 postea
1190 1253 1234 1296 in
1246 1268 1320 1296 sua
1331 1252 1455 1311 cupi-

0 1337 30 1400 ’ἔέ
95 1329 249 1380 ditate,
273 1343 355 1387 qua
373 1337 542 1372 terrena
564 1327 722 1386 flagitia
738 1327 1059 1374 desiderabant,
1082 1319 1227 1369 divina
1244 1323 1459 1368 consortia

13 1397 37 1423 Ὗ
84 1399 373 1459 refugientes,
405 1399 595 1458 corporis
625 1396 941 1446 castimoniam,
957 1395 1244 1438 *sobrietatem
1278 1394 1455 1443 mentis,

96 1479 390 1530 contemptum
429 1469 621 1529 pecuniae
637 1501 651 1518 ,
681 1469 851 1511 lucrum
872 1466 1029 1526 -gratiae
1047 1499 1061 1516 ,
1098 1467 1461 1510 subnervaverunt

97 1548 292 1590 taurum,
319 1541 439 1584 illum
455 1539 654 1583 videlicet
677 1553 837 1582 cornua
858 1539 1169 1596 producentem
1189 1545 1234 1580 et
1257 1537 1460 1596 ungulas,

97 1627 226 1670 quem
253 1611 399 1654 vident
431 1624 638 1670 pauperes
665 1617 709 1652 et
732 1610 953 1658 laetantur3
987 1607 1190 1666 quoniam
1219 1607 1353 1650 verbo
1383 1605 1461 1650 Dei

16 1671 41 1710 '³3
96 1682 294 1726 exaltavit
326 1697 463 1725 cornu
494 1680 642 1740 populi
677 1679 766 1730 sni,
794 1694 879 1738 quo
915 1687 961 1722 et
991 1678 1187 1722 inimicos
1217 1677 1396 1736 repulit,
1419 1685 1465 1720 et

41 1746 43 1750 ¹
98 1753 319 1814 praemium
349 1766 519 1796 coronte
535 1751 731 1795 'coelestis
762 1750 959 1795 emeruit.
990 1749 1070 1793 Hic
1087 1743 1092 1746 ⁴
1108 1757 1173 1792 est
1204 1757 1350 1792 taurus
1377 1763 1464 1807 quo

11 1826 19 1838 ²
97 1823 285 1868 Ecclesia
306 1821 513 1882 figuratur
533 1822 577 1865 in
600 1823 700 1866 luna
715 1854 728 1872 ,
754 1829 856 1864 tunc
878 1820 1045 1880 plenior
1062 1835 1164 1863 cnm
1182 1821 1299 1864 velut
1316 1817 1463 1863 corni-

82 1893 180 1938 'lms
199 1893 296 1938 nixa
317 1893 520 1944 taurinis,
554 1893 737 1952 spatium
761 1890 891 1935 totius
918 1889 1043 1934 orbis
1055 1889 1250 1934 includit.

11 1962 46 2030 ,J
154 1964 270 2009 XIV.
284 1961 446 2008 Tamen
471 1962 704 2022 prophetiae
723 1961 827 2005 huit:
846 1961 1018 2005 videtur
1044 1961 1173 2004 etiam
1188 1960 1366 2020 gratiam
1379 1960 1461 2003 be-

20 2068 35 2089 s
99 2034 352 2079 nedictionis
374 2033 619 2092 adjungere.
658 2032 764 2076 Nam
792 2033 846 2074 ad
879 2030 1208 2090 primogenitum
1234 2031 1387 2075 Ruben
1407 2031 1467 2074 di-

21 2103 47 2157 [f
84 2107 236 2155 ,cendo
254 2120 266 2148 ε
281 2104 403 2150 «Non
419 2102 671 2148 effervescas
693 2110 741 2146 ut
757 2117 887 2161 aqua,
907 2109 1164 2161 »peceatum
1181 2101 1327 2144 statuit
1347 2091 1463 2159 (45),

17 2207 44 2229 ,Α
83 2169 196 2236 ‘quia
222 2190 331 2235 aqua
354 2175 563 2218 mundare
585 2173 718 2231 magis
739 2173 919 2222 delicta,
946 2179 1198 2229 mentesque
1218 2179 1386 2214 nostras
1410 2171 1463 2213 ab

16 2247 29 2290 Ῐ
82 2245 217 2293 ‘omni
237 2247 344 2290 solet
360 2245 561 2289 vitiorum
585 2243 750 2287 fervore
780 2257 995 2286 revocare.
1021 2242 1078 2285 Et
1102 2241 1258 2284 iterum
1278 2241 1463 2284 dicendo

23 2327 48 2376 ,ἕ
85 2317 155 2364 ‘ad
175 2318 364 2377 Symeon
388 2324 433 2359 et
451 2314 578 2358 Levi:
595 2333 613 2354 ι
626 2314 824 2358 Dividam
836 2320 911 2356 vos
929 2313 974 2355 in
994 2312 1152 2362 Jacob,
1168 2320 1213 2355 et
1226 2312 1465 2371 dispergam

101 2409 118 2430 ι
130 2389 175 2433 in
191 2386 321 2432 Israel
334 2420 347 2437 ,
374 2386 589 2438 »ostendit
609 2384 800 2444 gentium
821 2383 1151 2443 congregatIone
1170 2382 1457 2426 redimendos.

84 2449 304 2503 'percusso
320 2457 435 2500 enim
453 2457 646 2516 pastore,
668 2470 771 2515 grex
791 2454 862 2497 ille
884 2454 1097 2512 dispensus
1116 2461 1181 2496 est
1195 2485 1207 2501 .
1222 2451 1306 2511 qni
1325 2451 1463 2495 suerat

86 2537 204 2575 ‘ante
228 2530 459 2577 collectus,
494 2535 544 2571 ut
562 2526 637 2587 qui
666 2540 753 2571 non
781 2532 897 2575 erat,
923 2523 1139 2575 introiret,
1166 2531 1211 2568 et
1237 2523 1299 2567 sic
1325 2523 1463 2568 omnis

148 2633 159 2649 ι
180 2622 258 2660 lsai.
275 2632 325 2661 m,
341 2633 375 2667 9.
394 2603 446 2655 no.
