1780 3120
435 220 489 251 DE
521 219 643 250 lsAAc
676 220 732 249 ΒΤ
764 220 910 250 Amus-
946 222 1068 252 mmm
1101 223 1219 253 URUS·
1480 225 1512 269 9

145 297 330 357 ideoque
349 296 469 355 quasi
492 298 756 341 vulneratam
773 298 981 342 charitate
992 330 1004 349 ,
1021 315 1122 343 cum
1137 316 1279 346 moras
1291 300 1385 359 ejus
1400 300 1512 345 serre

147 383 237 413 non
269 368 426 428 possit,
462 381 710 412 conversam
743 369 798 412 ad
816 368 997 412 *Patrem
1036 385 1187 429 rogare
1201 403 1214 420 ,
1252 371 1394 414 mittat
1430 371 1512 414 sibi

146 439 288 485 Deum
323 437 511 483 Verbum
520 454 536 487 ,-
568 445 613 481 et
644 453 815 482 causam
841 454 926 496 qua
958 439 1018 494 sit
1041 440 1099 483 ita
1125 440 1349 498 impatiens
1370 442 1514 484 decla-

147 523 267 559 rare,
290 508 506 552 dicentem
525 522 577 549 ει
593 506 824 553 osculetur
843 523 915 550 me
934 509 988 552 ab
1009 510 1164 553 osculis
1183 511 1269 553 oris
1283 511 1362 553 sni.
1383 530 1400 550 ι
1417 511 1513 554 Non

147 593 284 626 nuum
311 578 507 621 osculum
536 577 713 634 quaerit,
741 578 818 620 sed
837 579 959 635 plura
979 581 1151 630 oscula;
1179 588 1227 623 ut
1255 581 1514 624 desiderium

148 662 274 692 snum
294 648 427 707 possit
446 648 631 706 explere.
657 647 765 700 Quae
784 648 899 691 enim
920 650 1058 708 diligit
1072 683 1085 700 ,
1108 666 1194 694 non
1216 659 1280 694 est
1300 651 1426 694 unius
1446 666 1518 694 os·-

148 719 238 764 cufi
258 719 462 778 parcitate
492 725 692 762 contenta
711 733 723 761 z
742 719 818 761 sed
836 720 959 776 plura
980 721 1131 779 exigit,
1154 723 1278 780 plura
1305 721 1514 770 vindicem

147 789 266 837 etita
285 805 332 832 se
358 788 538 847 amplius
559 789 716 832 dilecto
738 793 1041 835 commendare
1062 793 1294 836 consuevit.
1322 792 1518 850 Denique

151 858 225 904 ina
246 859 291 902 in
315 859 542 917 Evangelio
562 859 622 902 sic
641 860 822 918 probata
845 869 941 905 est:
965 861 1063 920 quia
1086 863 1214 907 «Non
1239 863 1440 912 cessavit,
1458 863 1519 905 in-

152 929 299 986 squit,
321 929 503 972 osculari
522 931 655 987 pedes
668 945 857 973 meos....
878 940 922 975 ct
940 932 1038 975 ideo
1060 933 1233 977 remissa
1248 942 1348 976 sunt
1362 934 1401 976 ei
1416 947 1520 992 pec-

154 1006 280 1044 ·cata
303 1000 463 1048 multa,
491 999 591 1055 quia
616 998 764 1042 dilexit
781 1001 967 1044 multum
978 1002 1010 1045 ἓ.
1030 1021 1048 1043 ι
1068 1003 1180 1062 Ergo
1191 1012 1245 1046 ‘et
1268 1005 1359 1048 haec
1380 1004 1520 1047 animia

152 1070 301 1115 oscula
317 1068 447 1113 Verbi
467 1071 602 1112 multa
617 1070 829 1113 desiderat
841 1104 853 1119 ,
871 1079 918 1114 ut
932 1072 1198 1116 illuminetur
1212 1073 1364 1116 dixinae
1380 1073 1523 1131 cogni·

156 1139 283 1184 tionis
304 1140 480 1183 lumine.
509 1140 603 1183 Hoc
623 1149 689 1183 est
705 1140 822 1184 enim
841 1144 1037 1186 osculum
1056 1143 1212 1193 Verbi,
1234 1146 1380 1187 lumen
1406 1142 1523 1186 scili-

156 1218 230 1257 cet
242 1210 496 1268 cognitionis
515 1225 656 1254 sacrae.
683 1210 916 1255 osculatur.
933 1214 1051 1256 enim
1071 1230 1151 1257 nos
1172 1215 1289 1257 Deus
1313 1214 1521 1263 Verbum,

157 1281 424 1338 quandocor
441 1289 658 1331 nostrum,
686 1290 730 1324 et
750 1282 891 1340 ipsum
909 1284 1146 1342 principale
1165 1285 1351 1327 hominis
1371 1284 1524 1343 spiritu

158 1350 315 1394 divina
330 1351 583 1410 cognitionis
606 1352 842 1403 illuminat,
864 1369 951 1411 quo
973 1355 1113 1399 anima
1132 1357 1288 1398 donata
1308 1354 1528 1398 charitalis

158 1421 557 1480 pignore-nuptiali,
579 1422 675 1464 laeta
697 1431 824 1480 atque
839 1439 969 1467 ovans
990 1426 1095 1469 dicit
1112 1442 1124 1467 ε
1148 1443 1167 1465 ι
1182 1425 1244 1469 Os
1263 1440 1409 1468 meum
1432 1439 1528 1483 ape-

158 1493 280 1542 »mi‚
297 1501 343 1536 et
356 1492 458 1536 duxi
477 1492 718 1550 spiritum².
740 1493 989 1537 »Osculum
1013 1504 1078 1538 est
1099 1496 1215 1538 enim
1235 1511 1322 1553 qno
1342 1496 1527 1538 invicem

161 1571 350 1606 amantes
371 1563 453 1606 sibi
473 1563 712 1612 adhaenent,
730 1572 774 1608 et
794 1566 911 1607 velut
928 1566 1074 1623 gratiae
1095 1566 1309 1608 interioris
1324 1565 1531 1608 suavitate

140 1635 396 1693 *potiuntun
426 1635 509 1677 Per
532 1634 616 1677 hoc
640 1636 835 1678 osculum
859 1635 1049 1680 adhaeret
1069 1636 1209 1679 anima
1243 1635 1499 1680 DeolVerbo
1513 1667 1528 1684 ,

160 1719 240 1762 per
257 1704 374 1763 quod
387 1705 468 1747 sibi
485 1704 797 1758 transfunditur
809 1705 982 1764 spiritus
997 1706 1229 1749 osculantis
1246 1721 1259 1748 z
1278 1706 1388 1749 sicut
1400 1706 1531 1748 etiam

162 1775 195 1818 ii
212 1775 348 1833 quise
361 1776 626 1824 osculantur,
649 1783 736 1817 nou
756 1784 854 1818 sunt
875 1776 1088 1818 labiorum
1106 1776 1397 1834 praelibatioue
1424 1790 1532 1818 con-

162 1845 271 1889 tenti
282 1874 299 1896 ‚-
318 1848 395 1889 scd
413 1847 608 1905 spiritum
628 1846 857 1889 suum-‘sibi
871 1847 1054 1890 invicem
1070 1847 1267 1891 videntur
1288 1847 1525 1890 infundere.

167 1944 171 1947 ·
222 1916 301 1960 IX.
338 1917 579 1959 Ostendens
595 1915 737 1973 itaque
751 1931 840 1958 non
855 1918 989 1959 solam
1004 1916 1193 1975 speciem
1211 1916 1361 1965 Verbi,
1378 1925 1423 1959 et
1437 1917 1534 1960 vul-

165 1995 261 2031 tum
280 1988 535 2045 quemdam,
557 1987 634 2028 sed
647 1986 795 2028 omnia
817 1986 911 2043 ejus
930 1986 1132 2030 interiora
1154 1988 1353 2046 diligere,
1376 1986 1535 2044 adjun-

166 2057 229 2116 git
243 2058 307 2100 ›ad-
322 2055 765 2114 osculorumogratiam
783 2071 795 2098 ε
817 2056 835 2095 ι’
851 2056 962 2109 Quia
978 2056 1088 2099 bona
1100 2089 1114 2107 ,
1127 2057 1269 2114 inquit
1282 2090 1294 2106 ,
1312 2057 1446 2099 ubera
1460 2065 1533 2098 tua

164 2142 327 2186 osuper
341 2127 509 2177 vinum,
527 2134 576 2169 et
591 2127 699 2168 odor
715 2134 1031 2185 unguentorum
1054 2135 1227 2169 tuorum
1244 2142 1373 2185 super
1393 2125 1537 2169 omnia

166 2206 390 2240 »aromata
405 2197 437 2241 ³.
456 2214 475 2238 ι
497 2197 572 2241 nia
592 2198 787 2239 osculnm
822 2197 1021 2255 poposcit
1045 2212 1057 2239 :
1084 2197 1199 2239 Deus
1223 2196 1410 2240 Verbum
1431 2211 1478 2238 se
1497 2195 1538 2238 ei

166 2275 287 2311 totus
306 2267 483 2318 infudit,
505 2276 552 2311 et
569 2267 745 2311 nudavit
767 2267 809 2310 ci
834 2267 1088 2317 ubernsua,
1110 2267 1196 2310 hoc
1219 2275 1310 2316 est,
1337 2268 1538 2325 dogmata

168 2353 269 2388 sua,
301 2347 347 2381 et
373 2339 587 2382 interioris
613 2338 828 2397 sapientie
858 2338 1123 2397 disciplinas,
1152 2346 1196 2381 et
1221 2346 1542 2397 unguentorum

168 2421 349 2452 suorum
374 2408 490 2451 dulci
505 2410 636 2451 odore
659 2407 864 2467 flagravit.
892 2408 1063 2462 Quibus
1077 2416 1222 2467 capta,
1240 2407 1347 2451 dicit
1362 2406 1539 2450 uberio-

171 2491 267 2520 rem
280 2492 375 2521 esse
393 2477 708 2536 jucunditatem
730 2478 883 2522 divinae
903 2479 1179 2538 cognitionis,
1206 2493 1335 2537 quam
1351 2476 1542 2522 laetitiam

223 2577 233 2593 ¹
253 2569 407 2610 Lucan,
422 2571 466 2610 45
479 2577 511 2604 et
523 2570 581 2614 ⁴7·
595 2588 639 2596 —
654 2579 671 2596 ⁸
686 2570 771 2605 Psal.
792 2581 911 2612 cxviu,
932 2572 1005 2606 1³1.
1023 2589 1064 2597 -
1077 2573 1096 2597 ³
1110 2572 1211 2605 eant.
1226 2582 1251 2612 ι,
1276 2581 1306 2604 ι.
