1780 3120
340 226 424 293 392
889 234 920 270 s.
960 233 1152 270 sunno-:11

336 320 609 369 foeneratores
625 335 717 365 esse
734 318 922 371 desinitis
934 351 945 369 ,
968 317 1042 361 filii
1061 317 1178 361 eritis
1193 314 1420 362 Altissimi=
1443 310 1560 362 eritis
1575 312 1702 364 misdi
1769 342 1772 345 ·

337 396 540 445 ricordes,
567 391 637 451 qui
661 408 733 435 vos
755 390 887 435 Patris
909 390 1054 433 mterni
1076 388 1263 448 probetis
1285 387 1484 432 haeredes.

395 466 478 511 LV.
514 465 598 508 Sed
614 464 916 506 foeneratorum
930 477 1004 504 vos
1021 462 1204 504 delectat
1219 468 1262 503 et
1276 475 1502 503 usurarum
1517 461 1700 504 vocabu-

336 542 441 583 lum.
471 539 519 580 Id
541 551 711 594 quoque
734 549 819 577 non
842 534 1022 576 invideo.
1061 532 1236 576 Docebo
1264 533 1478 589 quomodo
1497 532 1601 576 boni
1619 533 1702 577 foe-

334 616 553 653 neratores
583 622 673 649 esse
705 604 893 664 possitis,
927 604 1143 661 quomodo
1164 602 1298 645 bonas
1317 603 1512 660 quaeratis
1531 618 1693 648 usuras.

337 680 440 724 dicit
463 678 662 722 Salomon
681 692 689 719 :
708 694 723 715 α
740 676 940 719 Foenerat
960 674 1143 716 Domino
1165 673 1237 730 qui
1259 672 1483 716 miseretur
1496 674 1697 733 pauperi:

335 770 352 790 ιι
366 749 523 792 secund
531 763 602 790 um
619 748 765 790 datum
783 754 924 788 autem
941 744 1034 802 ejus
1051 744 1258 787 retribuet
1273 742 1312 786 ei
1323 743 1356 789 ¹.
1371 761 1387 784 »
1409 744 1522 788 Ecce
1537 745 1701 789 bonum

335 820 473 862 soenus
494 819 546 861 de
567 818 678 860 malo
699 816 860 859 factum
881 824 969 859 est:
993 829 1096 859 ecce
1116 813 1496 873 irreprehensibilis
1512 814 1703 860 foenera-

331 897 400 932 tor
420 904 430 931 t
456 902 557 931 ecce
580 902 705 930 usura
721 885 957 930 laudabilis.
981 885 1120 929 Nolite
1134 900 1235 944 ergo
1248 884 1336 943 jam
1352 884 1614 929 invidentem
1628 901 1701 930 me

332 959 482 1003 vestris
499 957 735 1002 commodis
751 957 972 1001 aestimare.
994 956 1154 1000 Putatis
1170 956 1286 1014 quod
1302 955 1518 999 hominem
1538 956 1701 1000 subtra-

334 1030 435 1073 ham
450 1029 569 1072 vobis
586 1027 850 1072 debitorem?
865 1027 1004 1071 Deum
1022 1026 1241 1086 provideo,
1261 1025 1479 1070 Christum
1496 1026 1698 1086 subrogo,

328 1099 447 1143 illum
477 1100 721 1142 demonstro
751 1098 824 1157 qui
858 1113 928 1142 vos
960 1098 1157 1141 fraudare
1187 1112 1273 1140 non
1293 1096 1440 1156 possit.
1471 1095 1703 1141 Foenerate

332 1185 432 1228 ergo
462 1169 646 1212 Domino
679 1169 908 1228 pecuniam
940 1176 1123 1212 vestram
1152 1168 1195 1211 in
1225 1183 1356 1211 manu
1379 1167 1591 1227 pauperis.
1626 1168 1704 1212 Ille

334 1239 579 1299 astringitur
600 1248 644 1282 et
665 1247 836 1282 tenetur
855 1254 865 1281 :
895 1239 966 1282 ille
989 1239 1137 1282 scribit
1158 1237 1365 1296 quidquid
1392 1253 1551 1297 egenus
1578 1252 1704 1282 acce-

335 1311 470 1371 perit:
494 1309 770 1369 Evangelium
790 1309 883 1367 ejus
909 1309 1050 1353 cautio
1071 1316 1133 1352 est
1153 1325 1164 1350 ι
1189 1308 1262 1352 ille
1279 1308 1492 1368 promittit
1514 1323 1592 1368 pro
1614 1323 1706 1351 om-

333 1381 459 1424 nibus
482 1380 791 1440 indigentibus,
822 1380 893 1423 ille
910 1380 1014 1423 dicit
1035 1379 1192 1429 fidem3
1221 1379 1325 1438 quid
1350 1379 1553 1423 dubitatis
1574 1378 1704 1422 dare?

333 1452 378 1496 Si
397 1452 490 1510 quis
510 1452 630 1494 vobis
652 1452 766 1495 dives
788 1450 917 1508 hujus
939 1450 1083 1494 saeculi
1102 1449 1324 1500 offeratur,
1341 1448 1414 1507 qui
1430 1448 1515 1492 fide
1530 1449 1706 1508 promit-

336 1531 397 1566 tat
424 1538 498 1566 sua
522 1538 600 1582 pro
629 1523 770 1581 aliquo
798 1521 1006 1570 debitore,
1031 1521 1174 1564 statim
1195 1519 1428 1563 numeratis
1448 1519 1701 1579 pecuniam:

333 1608 497 1654 pauper
512 1601 575 1636 est
591 1593 710 1636 vobis
726 1592 933 1636 Dominus
952 1592 1064 1642 coeli,
1090 1599 1134 1635 et
1154 1591 1352 1634 conditor
1372 1591 1524 1634 mundi
1543 1590 1701 1649 hujus;

333 1673 377 1707 et
407 1663 546 1707 adhuc
576 1664 819 1708 deliberatis
854 1679 983 1722 quem
1006 1662 1206 1706 ditiorem
1235 1662 1432 1721 quaeratis
1471 1661 1704 1720 fidejusso-

335 1750 440 1778 rem.

395 1806 500 1851 LVI.
538 1806 624 1849 Sed
646 1804 849 1864 allegatis,
884 1805 982 1863 quia
1010 1819 1173 1864 pauper
1198 1812 1261 1848 est
1289 1804 1442 1856 factus,
1468 1819 1568 1848 cum
1591 1804 1707 1848 dives

336 1886 456 1920 esset.
480 1877 651 1921 Vidistis
669 1892 769 1935 ergo
786 1876 883 1934 quia
906 1875 1011 1919 fides
1034 1875 1126 1934 ejus
1149 1876 1264 1919 dives
1286 1884 1364 1926 est,
1382 1874 1487 1919 fides
1503 1875 1597 1934 ejus
1613 1875 1708 1918 ido-

337 1963 415 1990 nea
449 1956 542 1991 est:
581 1963 744 2007 pauper
769 1955 834 1990 est
867 1946 1025 1996 factus,
1061 1961 1161 1989 cum
1188 1961 1266 2005 pro
1295 1946 1420 1988 nobis
1442 1946 1641 1995 solveret,
1665 1953 1709 1988 et

342 2017 480 2061 adhuc
501 2027 727 2077 paupertas
750 2018 838 2076 ipsa
860 2032 946 2059 non
969 2016 1127 2075 decipit
1136 2033 1148 2066 ;
1182 2032 1259 2059 nos
1285 2016 1400 2060 enim
1421 2016 1569 2060 divites
1589 2016 1705 2066 fecit,

339 2103 444 2145 quos
467 2103 673 2147 pauperes
694 2087 918 2146 putabatis.
947 2087 1060 2130 Dicit
1081 2087 1195 2130 enim
1216 2086 1445 2146 Apostolus
1470 2103 1480 2131 τ
1505 2105 1522 2127 α
1541 2087 1708 2146 Pauper

342 2176 358 2197 n
372 2158 506 2201 factus
528 2167 591 2202 est
611 2174 710 2202 eum
733 2159 848 2202 dives
871 2165 1000 2209 esset,
1025 2166 1072 2202 ut
1092 2157 1136 2201 in
1157 2158 1268 2201 illius
1290 2158 1431 2217 inopia
1453 2173 1528 2201 vos
1551 2157 1710 2202 ditare-

341 2229 514 2273 »mini'“’.
532 2249 548 2270 ι)
570 2230 687 2273 Bona
717 2229 882 2288 inopia,
914 2244 1008 2288 quae
1035 2229 1213 2288 largitur
1239 2228 1419 2273 divitias.
1446 2228 1588 2273 Nolite
1608 2243 1710 2287 ergo

343 2313 416 2341 vos
437 2309 732 2358 paupertatem
755 2300 920 2350 timere,
945 2307 993 2342 ut
1013 2299 1101 2343 sitis
1126 2299 1287 2343 divites.
1309 2300 1416 2344 Date
1434 2299 1613 2344 otiosam
1633 2315 1711 2359 pe-

345 2370 530 2419 cuniam,
565 2380 607 2414 et
640 2371 849 2429 recipietis
880 2370 1142 2415 fructuosam
1176 2371 1372 2430 gratiam,
1405 2380 1449 2415 et
1475 2386 1711 2431 pauperum

345 2439 600 2484 subvenietis
630 2442 967 2492 necessitatibus,
1001 2450 1045 2486 et
1074 2441 1192 2486 vobis
1223 2441 1430 2486 custodiae
1466 2441 1710 2485 sollicitudo

342 2510 571 2555 minuetur.
611 2511 704 2556 Non
734 2513 889 2571 peribit
915 2514 1034 2572 quod
1062 2528 1225 2573 pauper
1246 2513 1484 2572 acceperit,
1515 2520 1560 2557 et
1590 2512 1709 2557 vobis

391 2606 402 2623 ³
421 2601 517 2635 Prov.
543 2612 614 2642 xix,
634 2613 681 2645 ¹7·
700 2621 741 2629 —
756 2613 770 2629 ⁸
789 2615 807 2637 2
821 2604 902 2639 Cor·
918 2616 990 2645 vin,
1009 2617 1042 2648 9.
