1780 3120
314 240 401 297 472
604 260 605 263 =
708 260 710 263 ·
824 262 826 265 -
865 246 899 277 s.
938 245 1129 278 Amnaosn

313 343 399 372 non
410 324 596 386 possunt.
617 322 776 368 Habuit
790 324 919 383 igitur
930 325 1155 369 defunctus
1167 340 1220 369 ex
1234 324 1316 370 illis
1326 325 1671 378 sollicitudinem,

312 397 506 456 requiem
527 394 719 439 invenire
738 410 824 439 non
839 395 980 454 potuit
994 429 1006 447 ,
1037 396 1110 455 qui
1132 396 1304 455 reliquit
1321 398 1437 455 quod
1454 398 1676 442 erubesces

312 476 404 521 ret,
427 480 509 511 nec
536 481 682 510 secum
704 465 879 510 abstulit
898 467 1014 524 quod
1035 474 1224 517 teneret,
1248 468 1374 526 longe
1390 467 1608 527 dssparab
1629 482 1682 512 eo

316 540 371 583 de
392 553 478 596 quo
498 537 705 596 scriptum
730 544 795 580 est
814 551 824 579 :
851 554 869 577 α
884 537 1042 581 Beatus
1060 536 1192 580 homo
1215 537 1288 594 qui
1310 538 1488 596 replevit
1515 537 1683 582 desider

316 627 334 650 ι
347 608 461 652 rium
483 622 611 651 suum
627 622 680 651 ex
697 607 791 658 his;
815 622 902 650 non
919 608 1206 651 confundetur
1221 623 1323 651 cum
1333 609 1531 667 loquetur
1539 609 1685 653 inimi-

315 698 333 720 >2
347 680 407 723 cis
423 679 508 723 suis
525 679 568 722 in
582 678 742 738 porta¹.
767 697 783 718 n
799 677 877 721 Cui
893 678 1117 721 haereditas
1133 679 1342 722 Dominus
1359 688 1438 730 est,
1460 689 1504 724 et
1519 696 1685 724 merces

317 767 369 795 ex
399 750 541 795 Mariae
561 749 734 808 virginis
759 758 883 807 partu
908 764 919 791 ε
952 749 1024 792 hic
1050 749 1094 791 in
1116 749 1231 792 exitu
1253 749 1466 808 sapientiae
1487 743 1699 795 laudi-bns'

316 820 596 879 praedicatur,
628 819 832 878 quoniam
858 835 945 863 non
978 819 1128 863 habuit
1154 822 1268 878 quod
1295 821 1588 872 erubesceret,
1613 821 1687 880 qui

315 891 422 934 nihil
438 905 590 933 eorum
607 905 700 949 quae
717 898 815 933 sunt
830 890 973 934 saeculi
990 891 1236 949 concupivit
1254 906 1264 934 :
1290 891 1365 934 sed
1380 891 1683 942 adversarium,

317 961 518 1020 depositis
538 961 692 1005 veteris
713 961 899 1005 hominis
919 963 1078 1006 exuviis
1092 996 1104 1013 ,
1132 964 1218 1006 telo
1242 963 1511 1009 continentiae
1534 966 1686 1008 vulne-

318 1033 454 1084 ravit3
481 1040 530 1076 ut
551 1033 798 1092 obstrepere
820 1033 859 1076 ei
879 1033 922 1077 in
944 1034 1074 1092 hujus
1092 1034 1188 1078 vitae
1205 1033 1291 1078 fine
1314 1049 1402 1078 non
1417 1044 1573 1094 posset,
1598 1036 1688 1080 vul-

320 1118 424 1147 nere
447 1104 624 1147 claudus
646 1136 659 1154 ,
690 1112 734 1148 et
759 1102 966 1148 virtutum
995 1105 1275 1149 admiratione
1302 1105 1517 1150 confusus.
1548 1107 1689 1150 Habes

320 1177 422 1233 ergo
453 1189 540 1218 non
569 1189 660 1218 esse
688 1175 946 1219 laudabilem
970 1208 983 1227 ,
1024 1177 1097 1234 qui
1125 1177 1386 1221 inveteratus
1416 1177 1460 1220 in
1495 1177 1689 1236 pecuniae

321 1245 554 1304 cupiditate
568 1246 645 1295 sit,
668 1261 756 1289 non
771 1256 998 1292 renovatus
1015 1248 1058 1291 in
1078 1248 1355 1307 perceptione
1380 1247 1536 1307 gratiae.

320 1335 325 1338 ·
381 1316 498 1360 XIII.
536 1315 765 1360 Videamus
793 1317 910 1362 aliud
931 1334 941 1361 ε
959 1336 976 1359 ιι
998 1318 1155 1362 Semen
1169 1333 1337 1369 eorum,
1361 1319 1513 1378 inquit,
1537 1334 1694 1363 secun·-

322 1406 339 1427 »
353 1388 458 1430 dum
479 1386 705 1437 animam2,
731 1387 805 1430 »id
826 1396 907 1439 est,
935 1402 1023 1431 non
1043 1387 1157 1432 inter
1171 1389 1308 1447 justos
1328 1389 1555 1434 habentur.
1580 1389 1695 1434 Justi

325 1456 441 1500 enim
462 1456 504 1499 in
521 1456 672 1515 spiritu
688 1457 916 1508 seminant,
935 1466 979 1501 et
1000 1458 1053 1502 de
1070 1459 1223 1518 spiritu
1244 1469 1408 1504 metent
1421 1462 1552 1506 vitam
1569 1469 1698 1505 aeter-

327 1543 427 1571 nam
448 1542 458 1571 :
479 1527 539 1571 illi
558 1542 660 1571 vero
676 1528 749 1585 qui
775 1529 1012 1572 secundum
1034 1530 1220 1574 animam
1237 1531 1472 1583 seminant,
1495 1532 1701 1591 spiritalia

329 1607 492 1642 metere
512 1614 599 1641 non
623 1607 801 1657 possunt
813 1616 825 1649 ;
851 1599 949 1657 quia
970 1601 1166 1644 *animalis
1187 1602 1317 1645 homo
1337 1618 1425 1646 non
1446 1602 1629 1662 percipit
1649 1617 1699 1646 ea

333 1686 426 1729 quae
446 1678 545 1723 sunt
562 1669 734 1728 spiritus
753 1670 832 1713 Dei
857 1685 868 1713 ε
889 1671 1067 1715 stultitia
1081 1672 1196 1716 enim
1211 1673 1270 1716 illi
1287 1682 1375 1724 est,
1393 1682 1437 1718 et
1453 1689 1540 1717 non
1560 1681 1701 1732 potest

334 1742 444 1786 scire
463 1757 558 1801 quae
574 1749 673 1784 sunt
695 1741 893 1801 spiritus3
917 1751 961 1786 et
977 1743 1073 1787 ideo
1093 1759 1181 1788 non
1203 1746 1393 1803 repletur
1414 1745 1672 1804 spiritalibus
1685 1777 1698 1796 ‚

334 1814 409 1856 sed
423 1812 652 1871 judicatur.

392 1883 506 1927 XIV.
556 1901 573 1925 α
592 1883 689 1927 Filii
712 1899 865 1927 eorum
888 1884 933 1928 in
958 1885 1120 1929 oculis³
1140 1919 1152 1937 ,
1181 1903 1198 1927 ι
1218 1886 1262 1930 id
1283 1894 1371 1937 est,
1396 1901 1490 1945 quae
1515 1885 1702 1935 faciunt,

335 1953 431 1996 ideo
453 1953 640 2004 faciunt,
673 1961 724 1998 ut
747 1954 972 1998 videantur
996 1955 1048 1998 ab
1076 1956 1345 2008 hominibus,
1374 1972 1461 2000 non
1481 1957 1579 2016 quia
1601 1955 1705 1999 boni

336 2025 561 2067 consulant
586 2033 632 2068 ut
652 2024 735 2068 hoc
757 2025 939 2084 eligant,
962 2028 1079 2085 quod
1103 2026 1248 2071 futuro
1268 2028 1430 2087 judicio
1448 2022 1706 2086 romptobe·

336 2103 419 2138 tur.
446 2096 573 2139 Filios
601 2112 702 2155 ergo
725 2096 946 2155 Scriptura
968 2113 1047 2156 pro
1072 2098 1274 2157 operibus
1296 2099 1540 2157 frequenter
1561 2098 1707 2142 deela—

339 2175 428 2216 rat‚
456 2182 507 2210 eo
533 2167 649 2226 quod
672 2169 928 2227 locupletior
951 2170 995 2213 in
1016 2170 1140 2226 bonis
1159 2171 1282 2215 factis
1309 2187 1440 2230 quam
1465 2171 1510 2215 in
1537 2166 1635 2214 filiis
1655 2169 1709 2212 sit

340 2246 485 2281 nostra
512 2239 749 2296 posteritas.
782 2240 904 2284 Unde
929 2248 972 2284 et
998 2241 1203 2285 Ezechias
1235 2243 1290 2286 de
1320 2242 1436 2301 gravi
1458 2240 1709 2301 aegritudine

342 2308 543 2352 liberatus
558 2343 569 2359 ,
584 2327 600 2349 α
621 2310 682 2353 Ex
702 2310 909 2354 hodierno
923 2344 934 2362 ‚
958 2311 1120 2370 inquit,
1142 2312 1251 2356 filios
1272 2312 1426 2357 faciam
1447 2313 1519 2372 qui
1536 2311 1710 2356 nuntia-

343 2397 360 2418 »
374 2379 482 2422 bunt
502 2379 708 2437 justitiam
732 2389 851 2425 tuam
865 2416 876 2432 ,
898 2382 1081 2426 Domine
1101 2383 1216 2443 Deus
1238 2385 1385 2428 salutis
1410 2399 1533 2435 meae,
1558 2391 1601 2427 et
1623 2397 1710 2426 non

330 2466 360 2489 ἰ
374 2450 547 2493 cessabo
581 2459 623 2494 te
657 2452 916 2497 benedicens
952 2469 1052 2498 cum
1081 2456 1281 2514 psalterio
1316 2471 1470 2505 omnes
1499 2456 1588 2499 dies
1617 2454 1711 2498 vitae

346 2521 524 2566 »meae¹⁰.
551 2540 568 2563 »
594 2522 713 2567 Bona
746 2525 860 2569 enim
893 2526 1116 2585 posteritas
1148 2527 1382 2572 devotionis
1401 2535 1445 2571 et
1468 2525 1591 2576 fidei,
1617 2539 1712 2583 quae

392 2621 400 2636 ¹
424 2613 510 2650 Psal·
527 2620 638 2654 cxxvi,
652 2615 685 2651 5.
699 2634 740 2643 -
758 2627 772 2644 ²
790 2617 865 2656 Job.
883 2630 954 2661 xxi,
969 2619 1003 2655 8.
1029 2636 1071 2646 -
1086 2619 1102 2645 ³
1124 2618 1214 2656 Ibid.
1232 2638 1274 2648 —
1289 2621 1394 2661 §lsai
1413 2631 1539 2656 xxxvm
1554 2630 1621 2663 ‚=9,
1636 2629 1687 2652 πο.
