1780 3120
286 224 314 269 5
324 220 380 266 28
799 229 1143 262 muo‘rnmuns.

290 319 514 360 cer-entur,
553 307 694 352 ridere
723 322 735 351 :
766 321 844 350 nos
869 321 972 350 vero
1001 306 1195 350 convicia
1215 339 1226 357 ‚
1263 322 1351 353 non
1387 310 1508 367 quasi
1536 310 1658 364 aliis}

289 381 366 429 sed
386 380 505 439 quasi
521 379 643 424 nobis
664 377 939 438 objiciantur,
964 379 1143 422 moleste
1158 377 1285 423 ferre.

653 525 898 556 ΑΝΝοτΔΤιο
936 510 1026 570 (90)
1063 524 1157 569 pag.
1197 512 1298 569 477.

349 642 749 702 Sttbjunetorium,
776 642 821 685 id
844 650 930 692 est,
956 642 1203 701 subjugale,
1226 657 1305 686 Lxx
1329 627 1580 703 interpretes
1599 646 1662 690 sic

291 713 484 758 habent·
504 721 727 772 ὺποζύγιον’
715 725 868 771 ορφανῶν
880 722 1079 772 ἀπήγαγον.
1093 712 1275 773 Vulgata
1293 722 1436 759 autem
1449 714 1540 760 sic:
1561 717 1664 794 Asi-

294 800 407 828 mim
427 784 704 844 pupillorum
724 782 928 826 abduaeer
920 797 1026 828 unc.

654 929 902 958 ΑΝΝοΤΔΤιο
940 913 1031 973 (9ι)
1068 930 1160 974 pag.
1200 915 1300 966 481.

349 1045 443 1088 Hoc
462 1045 559 1088 loeo
575 1043 743 1086 videtur
770 1043 815 1086 id
831 1044 1081 1087 Ambrosius
1105 1043 1347 1103 significare
1363 1079 1374 1095 ,
1395 1054 1492 1105 post
1512 1047 1665 1091 decem

293 1113 599 1171 subsequentes
621 1114 835 1164 Psalmos,
859 1129 1044 1171 quorum
1067 1115 1259 1158 omnium
1283 1116 1433 1160 titulus
1454 1125 1540 1167 est,
1568 1116 1667 1175 Ipsi

293 1184 470 1243 Asaph,
501 1200 647 1227 rursus
669 1199 804 1242 usque
840 1184 893 1227 ad
914 1185 1106 1228 Psalterii
1134 1184 1265 1229 finem
1290 1187 1472 1230 subinde
1502 1187 1665 1245 aliquos

296 1268 549 1304 occurrere,
573 1254 645 1311 qui
667 1254 957 1297 inscribantur
977 1255 1183 1299 psalmas
1206 1256 1360 1299 David
1372 1272 1384 1306 ;
1408 1257 1488 1300 nisi
1515 1257 1662 1308 malls,

296 1338 431 1379 usque
458 1324 510 1365 in
535 1325 744 1366 ultimum
770 1322 924 1381 finem,
950 1324 1064 1367 idem
1086 1325 1158 1368 hic
1179 1341 1272 1369 esse
1305 1342 1353 1370 ac
1371 1359 1384 1377 ‚
1413 1327 1463 1370 ἰη
1486 1326 1627 1385 finem
1646 1359 1661 1377 ,

294 1408 388 1450 quae
414 1393 540 1436 verba
569 1393 744 1436 Psalmis
765 1409 851 1436 non
881 1395 1028 1452 paucis
1054 1395 1345 1455 praefiguntur.
1382 1397 1516 1441 Porro
1548 1397 1664 1456 quod

290 1462 477 1506 'insoluta
499 1464 754 1522 relinquitur
771 1480 820 1507 ea
843 1465 1093 1521 difficultas,
1114 1483 1201 1510 non
1228 1468 1452 1512 mirabitur
1468 1469 1540 1527 qui
1561 1483 1664 1515 cum

294 1533 533 1592 Augustino
555 1535 597 1577 in
614 1535 785 1579 Psalcv.
799 1551 917 1580 num.
939 1553 954 1580 1
977 1537 1250 1590 intellexerit,
1270 1555 1397 1598 quam
1415 1540 1663 1584 sitarduum

294 1604 487 1646 onmium
520 1619 669 1647 arcana
704 1605 928 1649 titulorum
961 1617 1196 1666 penetrare.
1231 1609 1318 1653 Sed
1345 1610 1430 1654 hoc
1452 1609 1662 1670 imprimis

289 1674 446 1718 Psalmi
467 1676 520 1718 de
541 1691 626 1734 quo
647 1677 809 1735 agimus
836 1677 960 1720 titulo
982 1694 1220 1738 congruere
1241 1680 1355 1723 idem
1375 1681 1539 1724 Doctor
1563 1681 1661 1725 satis

291 1754 486 1795 testatur,
515 1762 614 1789 cum
642 1755 737 1806 post
758 1748 982 1806 mysticam
1006 1750 1136 1808 ipsius
1160 1752 1557 1811 interpretationem
1582 1753 1660 1796 ista

291 1816 510 1875 subjungit
537 1832 547 1861 :
573 1818 878 1861 Periculosum
900 1852 911 1873 ‚
950 1820 1087 1878 inquit
1110 1854 1122 1871 ,
1157 1823 1302 1865 locum
1323 1823 1447 1866 tituli
1488 1822 1663 1865 Psalmi

282 1887 519 1943 praesentis
535 1920 546 1939 ,
567 1888 680 1930 sicat
700 1888 921 1932 Dominus
941 1892 1107 1942 votuit,
1135 1893 1411 1950 praecerveett‘
1428 1908 1595 1937 santus.

652 2032 897 2061 ΑΝΝοΤΑΤιο
935 2018 1027 2078 (9²)
1063 2035 1156 2079 pag.
1196 2022 1298 2075 484.

349 2136 509 2179 'Revera
537 2137 682 2196 scripti
710 2140 879 2183 codices
905 2141 1028 2185 Rom.
1058 2142 1227 2187 Mediol.
1267 2142 1391 2188 Carn.
1423 2145 1659 2190 secundum

288 2220 475 2263 graecum
484 2223 495 2255 ;
522 2215 565 2250 et
588 2222 687 2252 cum
714 2209 779 2252 his
800 2210 1062 2270 Augustinus
1078 2245 1088 2265 ‚
1109 2214 1362 2273 praeferunt,
1392 2230 1484 2258 non
1503 2226 1564 2259 ost
1583 2216 1661 2259 de-

280 2275 475 2319 clinatio
516 2280 654 2321 morti
691 2295 844 2323 eoram
866 2283 1062 2340 :quibus
1104 2285 1233 2328 etiam
1273 2286 1544 2329 annumerari
1580 2300 1660 2345 po-

290 2352 370 2388 test
403 2347 720 2401 Theodoretus‚·
761 2351 862 2394 huie
897 2353 1012 2395 enim
1051 2360 1229 2405 ἁνάνευσις
1258 2372 1353 2415 quae
1384 2372 1465 2400 vox
1502 2355 1657 2414 legitur

288 2418 400 2474 apud
417 2418 553 2462 LXX.
585 2421 697 2464 idem
719 2424 843 2480 plane
869 2423 1078 2482 significat
1096 2433 1222 2484 atque
1243 2436 1497 2486 ἀπαγόρευσις,
1531 2442 1658 2486 repu-

285 2486 450 2538 diatio,
474 2489 518 2532 id
533 2500 612 2540 est,
631 2507 780 2537 eorum
803 2495 999 2539 interitus
1016 2496 1163 2540 evitari
1179 2498 1356 2541 minime
1376 2506 1532 2557 potest.
1559 2497 1655 2542 Non

322 2559 441 2624 jmale
462 2568 603 2607 autem
625 2564 904 2611 aLAmbrosio
927 2567 1092 2613 reddita
1110 2576 1174 2614 est
1194 2585 1272 2630 per
1294 2570 1525 2615 dictionem
1545 2601 1556 2621 ,
1584 2584 1656 2615 ro-
