1780 3120
404 294 458 326 ns
489 296 594 327 rusa
628 294 795 329 mcum.
832 296 954 327 mn
987 296 1104 327 nnus.
1381 299 1453 344 97

78 375 210 421 hensa
232 374 302 426 sit,
323 374 432 418 intra
453 375 569 434 qnod
594 374 755 421 habitet
771 374 985 419 homicida
1008 375 1049 418 in
1075 374 1243 419 civitate
1263 376 1457 437 resugii'‚.

9 493 16 502 ,
82 448 222 506 quoad
240 445 447 489 moriatur
464 447 659 490 sacerdos
681 462 859 506 magnus
873 446 886 469 ¹
898 479 910 497 ,
926 454 970 504 et
989 455 1085 505 post
1103 456 1285 491 mortem
1306 464 1445 492 sacer-

84 519 194 562 dotis
212 518 354 578 magni
375 526 611 562 revertatur
630 518 843 562 homicida
871 518 913 561 in
936 517 1149 561 civitatem
1173 519 1448 564 habitationis

84 603 183 633 ωε.
203 590 279 632 'De
306 589 479 648 singulis
497 605 598 649 ergo
621 597 789 649 oportet
814 589 956 632 dicere
973 596 1099 647 atque
1121 605 1172 633 eo
1189 591 1337 634 ordine
1361 607 1456 650 quo

84 659 397 720 proposuimus,
411 660 582 718 quaesita
599 660 830 703 absolvere.

123 754 128 759 >
147 730 216 773 vl.
245 730 547 790 Competentcr
560 729 705 789 itaque
719 730 962 775 Levitarum
979 730 1169 774 civitates
1188 732 1304 774 datas
1322 733 1374 775 ad
1390 748 1455 776 re-

87 794 249 861 fugium
271 801 411 861 primo
429 801 727 861 explicandum
751 810 828 845 est.
852 801 1049 861 Congrue
1070 810 1214 844 autem
1236 802 1459 860 provisum

86 871 254 931 liquem
277 873 376 930 quia
398 872 554 935 Levitae
580 873 805 931 fugitantes
832 881 930 915 sunt
943 871 1099 929 mundi
1123 870 1272 929 hujus,
1297 880 1344 915 ut
1366 874 1463 932 pla-

91 952 216 988 ceant
245 944 358 993 Deo,
387 943 628 1002 relinquant
648 943 828 1002 patriam
845 976 856 992 ‚
879 951 1098 1001 parentes,
1124 941 1254 992 filios,
1286 958 1460 988 omnem

92 1014 415 1074 cognationem,
438 1021 487 1055 nt
504 1013 746 1056 adhaereant
767 1013 840 1055 uni
862 1012 967 1055 Deo.
995 1012 1190 1069 Denique
1214 1021 1257 1055 et
1277 1012 1464 1056 Abrahae

93 1085 256 1128 dictum
275 1092 340 1127 est
358 1099 369 1126 :
398 1101 416 1123 ε
436 1083 514 1126 Exi
536 1084 589 1126 de
613 1091 726 1126 terra
749 1091 843 1133 tua,
876 1090 921 1125 et
947 1083 999 1124 de
1021 1082 1275 1141 cognatione
1296 1091 1366 1126 tua
1383 1116 1395 1133 ‚
1420 1090 1468 1127 et

93 1173 111 1199 ι
126 1158 179 1200 de
200 1158 327 1200 domo
342 1155 473 1215 patris
488 1155 550 1198 tui
561 1154 592 1198 ².
614 1171 631 1195 ι
659 1154 746 1197 Sed
761 1153 871 1196 forte
894 1153 1008 1196 dicas
1037 1169 1048 1196 ε
1078 1154 1223 1197 Levita
1245 1170 1330 1197 non
1354 1163 1463 1199 erat,

95 1228 182 1271 Sed
202 1227 388 1270 habebat
407 1226 450 1269 in
487 1225 643 1269 lumbis
662 1225 747 1267 suis
761 1224 862 1268 Levi
879 1257 889 1273 ,
914 1232 962 1267 ut
979 1223 1159 1282 legimus
1182 1226 1235 1267 ad
1263 1225 1474 1270 Hebraeos

99 1298 303 1362 scriptum
326 1296 368 1340 ⁸.»
404 1297 458 1340 Et
494 1296 703 1340 Dominus
739 1294 895 1338 Levitis
928 1294 1031 1337 dicit
1049 1327 1061 1344 ,
1105 1309 1203 1338 cum
1235 1295 1467 1355 Discipulis

99 1371 208 1419 suis,
241 1369 326 1413 hoc
352 1376 442 1418 est,
474 1366 688 1427 Apostolis
724 1366 828 1410 dicit
857 1382 868 1409 :
903 1383 920 1405 ι
945 1364 990 1408 Si
1018 1365 1112 1424 quis
1147 1368 1237 1410 vult
1269 1376 1366 1426 post
1400 1384 1474 1412 me

100 1441 300 1491 uenire,
319 1439 501 1498 abneget
525 1437 800 1496 semetipsum
818 1470 830 1488 ,
855 1444 899 1480 et
918 1437 1040 1486 tollat
1062 1450 1235 1479 crucem
1255 1453 1375 1480 suam
1397 1471 1407 1487 .
1429 1446 1479 1482 et

98 1519 332 1570 ‘sequatur
361 1525 432 1553 me
446 1509 477 1552 ⁴.
512 1526 528 1549 ι
554 1508 810 1566 Quanquam
842 1507 896 1549 ad
917 1521 1066 1549 omnes
1082 1505 1170 1564 jam
1194 1506 1357 1550 dictum
1380 1507 1434 1550 sit
1457 1523 1475 1550 τ

113 1598 131 1620 ι
152 1580 238 1626 Vos
279 1589 420 1625 autem
455 1580 831 1640 genus‘electum,
862 1578 1003 1636 regale
1031 1577 1341 1627 sacerdotium,
1372 1593 1480 1637 gens

104 1671 122 1694 ι
137 1659 302 1699 sancta,
326 1642 573 1711 populus—in
600 1648 914 1708 adoptionem⁶.
933 1648 1089 1692 »Venit
1101 1649 1320 1707 plenitudo
1334 1682 1347 1699 ,
1371 1650 1475 1693 reli-

111 1723 221 1781 quiae
247 1730 477 1766 cessarunt.
513 1721 707 1772 Christus
732 1719 846 1769 enim
870 1733 1019 1762 omnes
1055 1719 1218 1762 vocavit
1234 1752 1247 1769 ,
1277 1719 1480 1763 omnibus

103 1794 300 1855 profecto
321 1800 454 1864 patet,
474 1800 524 1834 nt
537 1806 686 1835 omncs
703 1797 951 1848 sequantur,
970 1788 1169 1833 omnibns
1184 1805 1361 1848 reguum
1382 1805 1480 1849 pro·

104 1865 311 1926 positum,
332 1871 377 1917 et
394 1863 479 1907 vita
496 1870 667 1915 aeterna.

161 1932 268 1979 Vnt
298 1935 410 1994 Ergo
433 1933 503 1977 cui
523 1932 639 1977 Deus
663 1930 803 1991 portio
823 1939 912 1980 ost,
936 1929 1044 1975 nihil
1068 1930 1198 1974 debet
1226 1945 1377 1974 curare
1395 1929 1509 1974 nisi*

107 1991 273 2055 Deum,
297 2018 354 2048 ne
383 2003 565 2047 alterius·
552 2002 826 2062 impediatur
846 2000 1109 2044 necessitatis
1130 2016 1323 2044 munere.
1350 2000 1483 2054 Quod
1506 2010 1509 2012 “

110 2077 225 2135 enim
249 2076 302 2131 ad
322 2074 401 2118 alia
422 2073 560 2116 officia
583 2072 815 2121 confertur,
837 2071 920 2114 hoc
942 2071 1155 2130 religionis
1176 2071 1328 2120 cultui,
1351 2080 1482 2130 atque
1505 2093 1509 2097 ·

105 2147 215 2205 buil:
236 2155 384 2203 nostro
412 2132 552 2197 officio
580 2141 836 2201 decerpitur.
862 2141 963 2184 Haec
988 2141 1103 2184 enim
1130 2157 1228 2185 vera
1252 2150 1316 2185 est
1338 2158 1508 2187 sacer-⁷⁷

115 2217 225 2262 dotis
238 2217 336 2276 suga
351 2249 363 2266 ‚
387 2214 598 2282 abdicatio
614 2212 944 2262 domesticorum
958 2245 971 2262 ,
994 2220 1039 2255 et
1065 2213 1258 2271 quaedam
1284 2211 1486 2260 alienatio

109 2289 487 2340 charissimorum,
506 2280 556 2329 ut
578 2285 663 2328 suis
682 2284 809 2327 etiam
831 2299 875 2326 se
901 2283 1098 2342 abneget,
1123 2283 1196 2342 qui
1218 2283 1374 2328 servire
1389 2286 1486 2330 Deo

110 2360 254 2420 gestit.
271 2359 405 2403 Recte
424 2371 525 2430 ergo
546 2355 717 2415 fugaces
740 2353 960 2414 fugacibus
981 2354 1297 2398 commendavit
1314 2364 1492 2401 aeternae

115 2428 223 2489 legis
247 2428 436 2478 sanctio,
461 2427 510 2470 ut
531 2427 605 2502 qui
623 2426 741 2470 hunc
762 2425 971 2469 mundum
993 2420 1113 2468 obliti
1134 2434 1256 2477 sunt,
1279 2442 1352 2470 eos
1372 2428 1487 2473 reci,-

110 2500 239 2586 piant
258 2499 333 2560 qui
346 2493 526 2559 peccata
547 2512 621 2541 sua
643 2481 979 2584 condemnantes
994 2503 1122 2555 atque
1141 2512 1287 2587 opera,
1309 2498 1491 2543 oblivio-

169 2593 297 2637 Ι1Ὶίιιιι.
317 2614 417 2643 xxxv,
433 2600 483 2637 ο5.’
499 2620 541 2628 -
555 2601 671 2636 0Gen.
690 2612 754 2643 nt,
774 2611 804 2635 ι.
819 2599 1018 2634 —5Eebn
1032 2611 1094 2643 vn,
1111 2612 1162 2635 ιο
1179 2618 1221 2628 -
1241 2601 1352 2636 ctae.
1371 2603 1502 2644 mnf,

123 2657 335 2691 -⁸11’etr.
355 2668 393 2693 ι,ι
402 2667 436 2700 9.

284 2726 347 2756 ιν.
1319 2727 1351 2772 7
