1780 3120
347 270 432 314 316
893 282 923 308 s.
965 281 1151 310 Attmnosn

344 362 597 420 Angelorum
620 361 766 403 decem
785 360 914 403 miliia
937 361 1085 420 decem
1105 359 1297 402 millium.
1327 358 1414 402 Sub
1437 358 1562 402 tantis
1585 371 1714 419 spee··.

344 430 548 474 tatoribus
578 431 853 480 erubescere,
888 430 1106 472 considera
1137 444 1263 487 quam
1297 430 1602 472 dedecorosum
1629 427 1694 473 sit.

344 501 557 559 Ingressus
588 500 769 543 stadium
789 532 800 549 ,
834 500 1007 559 pulvere
1035 499 1218 558 rigorem
1249 500 1397 543 animm
1423 508 1506 544 tuae
1536 499 1699 550 excita,

343 572 522 614 lacertos
547 578 698 613 excute
719 570 827 628 (61).
855 570 1104 627 Progressus
1133 570 1177 612 in
1206 585 1414 619 scamma,
1445 585 1616 613 necesse
1639 577 1703 612 est

343 649 390 685 ut
405 640 588 701 excipias
603 642 821 698 pulverem
835 672 846 689 ,
871 640 1021 683 subeas
1038 640 1166 683 :rstivi
1190 641 1287 682 solis
1303 639 1579 698 flagrantiam.
1601 639 1702 682 Gra·

343 712 404 756 vis
419 721 566 761 aestus,
586 711 660 754 sed
682 711 816 754 dulcis
834 709 1008 752 victoria
1027 725 1037 752 :
1063 711 1240 753 molesta
1256 709 1390 768 caligo
1411 709 1610 768 pulveriS,
1628 710 1704 752 sed

344 784 531 843 speciosa
553 782 786 826 tolerantia.
815 781 949 825 Nemo
972 782 1154 824 stadium
1176 783 1495 841 pulverulentus
1517 780 1714 839 ingredi-c

342 862 429 904 tur,
461 856 535 897 sed
555 854 901 912 pulverulentum
923 853 1108 895 reddunt
1130 852 1377 896 certamina.
1403 851 1468 895 Ibi
1492 850 1705 909 colligitur

343 925 502 984 pulvis,
529 925 602 967 ubi
624 926 762 984 palma
784 924 1047 983 proponitur.
1073 923 1207 968 Nemo
1228 924 1383 967 iterum
1411 922 1566 966 nitidus
1586 937 1706 972 coro-

343 1005 485 1045 natur,
508 996 849 1053 pulverulentum
874 996 996 1038 decet
1015 995 1204 1040 victoria.
1456 1036 1459 1042 ,

399 1066 578 1110 LXXX.
612 1065 713 1109 Veni
748 1081 869 1124 ergo,
903 1065 1085 1108 Domine
1112 1065 1239 1116 Jesti,
1269 1073 1390 1109 exeat
1420 1079 1579 1109 corona
1607 1071 1702 1112 tua,

348 1137 521 1181 admitte
549 1135 731 1180 victores
756 1137 799 1180 in
826 1137 1043 1194 requiem,
1070 1137 1203 1189 victos
1233 1137 1288 1180 ad
1313 1134 1698 1194 compunctionem.

345 1208 398 1252 Et
415 1208 449 1251 si
472 1208 656 1266 diperdis
674 1208 821 1250 orbem
839 1215 1067 1256 terrarum,
1086 1209 1208 1266 plura
1228 1215 1326 1250 sunt
1342 1205 1564 1251 invisibilia
1579 1215 1707 1263 opera

345 1287 441 1329 tua,
473 1294 600 1336 quam
624 1294 718 1337 quae
743 1279 939 1322 vidimus.
972 1279 1058 1334 Qui
1087 1277 1336 1337 angustioris
1360 1286 1425 1320 est
1450 1276 1603 1326 animi,
1635 1275 1708 1319 illa

345 1364 431 1392 non
452 1351 607 1400 cernit,
633 1351 747 1393 dolet
761 1351 877 1407 quod
892 1349 1108 1407 disperdas
1125 1348 1273 1391 orbem
1289 1355 1498 1390 terrarum
1516 1347 1616 1390 :sed
1635 1338 1707 1403 q'ui

347 1419 464 1462 novit
487 1426 678 1477 spectare
699 1432 791 1475 quae
814 1418 1038 1461 invisibilia
1068 1427 1188 1467 sunt,
1221 1419 1380 1477 gaud-et
1399 1425 1447 1461 ut
1473 1416 1640 1466 venias,
1664 1423 1709 1459 et

349 1504 495 1532 omnes
515 1489 681 1532 liberes.
710 1489 908 1532 Gaudent
930 1489 1097 1531 athletae
1118 1489 1191 1547 qui
1212 1496 1390 1547 possunt
1410 1487 1552 1537 dicere
1571 1502 1580 1527 ε
1597 1485 1707 1529 «Ve-

347 1559 464 1602 »niat
488 1560 668 1618 regnum
693 1568 812 1602 tuum
827 1593 840 1609 ,
866 1558 940 1603 fiat
963 1562 1157 1603 voluntas
1181 1568 1254 1602 tua
1276 1559 1386 1602 sicut
1405 1558 1450 1601 in
1476 1558 1645 1606 coeloet
1665 1555 1709 1598 in

348 1646 364 1669 n
378 1630 529 1673 terra².
561 1649 577 1671 ι)
591 1630 804 1674 Gaudebit
824 1638 1017 1673 creatura
1041 1631 1217 1679 mundi,
1241 1638 1291 1672 ut
1314 1645 1337 1672 a
1357 1629 1541 1690 vanitate
1560 1626 1718 1677 mundi>

354 1699 472 1743 istius
497 1701 725 1751 liberetur,
749 1716 841 1759 quae
869 1716 985 1749 nunc
1009 1701 1287 1758 congemiscit
1314 1708 1358 1743 et
1377 1699 1583 1758 parturit3
1612 1697 1712 1755 quia

352 1772 524 1815 vanitati
547 1772 677 1816 etiam
698 1772 767 1814 illa
791 1780 983 1814 creatura
1015 1771 1209 1829 subjecta
1237 1775 1322 1820 est,
1355 1771 1491 1813 donec
1510 1766 1714 1826 multipli-

351 1851 472 1885 cetur
494 1842 663 1900 adoptio
683 1841 891 1891 filiorum,
914 1850 956 1885 et
972 1841 1101 1884 totius
1123 1841 1313 1900 corporis
1337 1839 1576 1897 redemptio
1591 1853 1715 1883 comr.

351 1913 530 1971 plentur.
569 1913 617 1955 In
645 1912 759 1955 bono
789 1927 889 1970 ergo
921 1912 1136 1970 disperdet
1167 1912 1315 1955 orbem
1361 1919 1583 1953 terrarum.
1621 1908 1718 1959 Erit

354 1983 509 2027 etenim
531 1984 688 2026 coelum
709 1997 868 2025 novum
881 2015 892 2031 ,
918 1989 962 2025 et
982 1997 1066 2025 nox
1086 1996 1174 2025 non
1203 1982 1284 2025 erit
1307 1980 1500 2040 amplius.
1521 1978 1717 2036 Denique,

352 2053 570 2102 revolabit,
594 2053 755 2110 inquit,
777 2052 928 2096 faciem
944 2052 1058 2110 ejus,
1081 2061 1130 2095 ut
1150 2053 1334 2096 revelata
1352 2050 1458 2099 facie
1474 2056 1712 2107 spectemus

351 2122 527 2180 gloriam
545 2121 742 2166 Christi².
1580 2129 1587 2136 ²

402 2223 412 2237 ⁵
431 2212 551 2247 Matth.
566 2224 613 2251 νι,
634 2224 684 2249 ιο.
698 2231 739 2241 -
755 2223 771 2240 ⁸
793 2223 806 2247 ι
822 2217 899 2249 Cor.
913 2225 968 2254 m,
985 2215 1034 2247 ιδ.
