1780 3120
367 247 454 304 ,54
915 253 946 288 s.
987 251 1184 289 imnum

368 351 638 388 ceamentum
659 353 783 385 suum
814 338 938 383 Jesus
955 337 1113 388 Nave¹‚
1146 345 1195 380 ut
1214 339 1394 379 'venturo
1417 325 1523 380 tanti
1545 326 1734 400 ffihffiissi‘s

368 415 542 475 gratiam
578 422 621 456 et
650 413 738 471 ipse
778 417 976 454 servaret.
1007 409 1109 451 Ideo
1132 407 1236 451 dicit
1264 406 1453 450 Joannes
1473 413 1517 467 :st
1539 398 1730 467 Pristin&

369 503 386 526 ν
399 484 512 527 venit
526 483 589 526 vir
609 481 730 541 cujus
751 496 838 525 non
859 491 952 523 sum
969 478 1120 537 dignus
1141 479 1305 521 solvere
1323 477 1550 537 corrigiam
1567 475 1732 522 catcea-

369 574 386 597 ι»
398 557 639 599 mentorum
648 552 783 611 ejus².
796 570 813 592 n
825 552 925 594 Ideo
936 550 1039 593 dicit
1065 565 1075 590 t
1093 566 1109 589 (ι
1121 548 1206 602 Qui
1222 548 1352 591 habet
1368 552 1586 608 sponsam,
1607 550 1732 608 speri-

369 644 386 668 »
400 641 468 668 sus
492 633 575 668 est:
602 624 761 667 amicus
781 629 922 665 autem
952 620 1118 679 sponsi,
1141 619 1213 677 qui
1240 626 1322 662 'stat
1341 616 1524 663 effendit
1546 629 1670 670 eum,
1691 623 1736 663 et

334 698 341 704 '
371 714 387 737 »
400 696 552 755 gaudio
568 693 764 754 gaudet³‚
786 713 802 732 a
814 693 896 736 hoc
912 699 992 742 est,
1004 691 1092 750 ipse
1112 692 1226 734 solus
1245 691 1311 734 vir
1329 699 1394 735 est
1415 686 1615 735 Ecclesiae
1629 724 1641 741 ,
1662 688 1736 734 'hic

372 775 435 810 est
468 766 701 825 expectatio
731 764 943 824 gentium,
976 762 1078 806 huic
1100 761 1337 805 deferentes
1359 762 1557 821 copulam
1587 758 1733 822 'gratiae

372 837 592 895 nuptialis,
628 837 963 879 calecamentum
996 843 1126 876 suumv
1155 834 1372 877 solverunt
1390 831 1628 893 Prophetae.
1657 830 1738 876 Hi‘c

370 923 548 967 sponsus
574 915 660 957 est,
685 922 763 966 ego
784 906 945 949 amicus
980 904 1121 964 sponsi
1141 905 1334 966 :gaudeo
1351 905 1451 964 'quia
1476 904 1614 954 venit)
1639 902 1738 963 qnia

373 995 521 1024 vocem
543 980 670 1023 audio
701 979 959 1038 nuptialem,
984 977 1083 1035 quia
1111 976 1200 1035 jam
1222 981 1309 1020 no'n
1331 976 1436 1020 dui-it
1461 973 1739 1036 peecatorum

374 1051 577 1111 supplicia
593 1084 604 1101 ‚
631 1048 735 1094 dure
758 1049 881 1109 Legis
915 1056 1151 1098 tormenta,
1179 1050 1255 1091 sed
1274 1042 1568 1091 'remissionem
1593 1042 1741 1090 crinit-

374 1140 500 1175 num,
522 1138 672 1167 vocem
707 1122 888 1172 laetitiae,
931 1135 1085 1166 sonum
1110 1120 1411 1179 jucunditatis,
1436 1115 1740 1165 eiulta'tich'em

374 1195 468 1239 festi
489 1194 687 1254 nuptialis
701 1193 953 1238 audivimus.

436 1266 599 1311 XXIII.
627 1266 707 1309 Hic
723 1273 785 1308 est
807 1265 907 1308 ille«
927 1263 1113 1323 Alligans
1125 1263 1180 1307 nd
1194 1251 1324 1308 viteffl
1345 1263 1509 1309 asinum
1530 1259 1679 1314 suum,
1697 1263 1742 1307 e't

376 1356 392 1379 ι»
406 1337 543 1380 cilicio
574 1337 739 1395 pullum
774 1335 899 1378 asinae
920 1350 1029 1385 suae3
1057 1343 1134 1377 »ut
1167 1334 1378 1379 fervorem
1399 1335 1582 1394 Spiritus
1605 1330 1741 1378 sancti

373 1407 528 1451 habeat
559 1405 829 1465 congregatio
852 1405 1075 1448 nationum
1097 1412 1193 1449 ante
1221 1405 1398 1449 remissa
1419 1412 1463 1449 et
1499 1403 1737 1465 negligens,

374 1479 448 1521 sed
471 1478 558 1536 jam
595 1478 744 1520 devota
763 1491 842 1534 per
872 1475 1119 1527 Christum3
1142 1483 1186 1519 et
1205 1476 1280 1520 viti
1295 1476 1355 1520 illi
1383 1483 1624 1535 perpetuae,
1656 1475 1740 1519 hoc

374 1556 458 1598 est,
485 1547 664 1591 Domino
683 1547 810 1597 Jesu,
829 1546 901 1605 qui
918 1547 975 1590 ait
992 1563 1032 1591 εκ
1045 1547 1134 1606 Ego
1157 1560 1252 1590 sum
1263 1547 1381 1596 vitis,
1405 1550 1450 1591 'et
1463 1547 1589 1591 P'ater
1600 1545 1737 1597 meus,

376 1637 393 1660 n
406 1618 589 1677 agricola
598 1617 612 1639 ‘⁸
621 1651 632 1668 ,
643 1636 660 1659 n
673 1619 790 1661 velut
805 1618 1012 1661 fructuosi
1023 1618 1218 1677 palmites
1233 1618 1488 1676 quibusdam
1507 1616 1743 1662 inexoluhi-

375 1689 425 1732 lis
437 1687 536 1731 fidei
555 1688 734 1732 vinculis
750 1688 983 1747 alligemur.
1002 1689 1094 1732 Hoc
1113 1697 1178 1732 est
1192 1689 1315 1733 illlud
1331 1689 1583 1748 mysterium
1597 1722 1609 1740 ‚
1624 1686 1740 1747 quod

376 1761 538 1818 pullum
561 1760 685 1803 asinae
709 1760 812 1803 solvi
841 1759 966 1819 jussit
995 1760 1040 1803 in
1069 1761 1327 1820 Evangelio,
1349 1769 1394 1804 et·
1420 1761 1511 1820 ipse
1530 1757 1738 1804 Dominus

375 1830 498 1874 Jesus
534 1831 640 1873 sedit
672 1845 798 1888 super
837 1845 964 1881 eum,
987 1839 1036 1873 ut
1075 1830 1267 1890 alligatus
1298 1833 1352 1876 ad
1381 1832 1512 1875 vitem
1532 1834 1739 1890 perpetua

380 1909 622 1943 sanctorum
644 1900 848 1944 suavitate
864 1901 1164 1959 requiesceret.

436 1970 594 2025 XXIV.
613 1988 628 2010 ι
653 1971 850 2022 Lavahit,
875 1971 1035 2030 inquit,
1055 1973 1100 2015 in
1130 1972 1228 2016 vino
1258 1974 1411 2017 stolam
1432 1975 1567 2017 suam.
1590 1963 1738 2017 »Bona

375 2043 480 2086 stola
499 2051 562 2085 est
578 2056 676 2084 caro
694 2041 872 2092 Christi,
895 2058 988 2100 quae
1013 2044 1206 2086 omnium
1227 2052 1404 2106 peccata
1425 2044 1618 2104 operuit,
1640 2044 1740 2086 'om-‘-

379 2115 496 2157 nium
519 2114 671 2157 delicta
692 2114 879 2172 suscepit
894 2147 905 2164 ,
929 2115 1122 2158 omnium
1143 2131 1308 2160 errores
1329 2116 1444 2160 texit.
1466 2117 1586 2161 Bona
1606 2116 1736 2176 stola,

377 2201 469 2244 quae
504 2184 721 2227 universos
760 2184 898 2227 induit
919 2193 1034 2229 veste
1055 2186 1345 2244 jucunditatis.
1363 2186 1498 2231 ‘Lavit
1517 2187 1629 2231 hane
1650 2190 1739 2238 ¹sto-*-

378 2259 462 2302 lam
472 2257 516 2300 in
536 2256 655 2310 vinu,
679 2258 848 2316 quando
871 2271 970 2301 cum
987 2258 1275 2317 baptizaretur
1287 2260 1331 2303 in
1345 2259 1554 2310 Jordane,
1567 2258 1740 2302 descen-

380 2328 440 2371 dit
457 2327 635 2387 Spiritus
657 2336 826 2370 sanctus
847 2328 957 2371 sicut
982 2330 1206 2381 columba,
1232 2339 1277 2373 et
1290 2330 1445 2374 mansit
1465 2331 1595 2390 super
1618 2338 1732 2374 eumi

380 2400 477 2452 Quo
506 2398 765 2457 significatur
783 2402 899 2458 quod
922 2401 1143 2459 plenitudo
1165 2402 1349 2461 Spiritus
1365 2389 1500 2446 suncti
1519 2400 1737 2446 individua
1762 2450 1764 2453 .

379 2470 423 2513 ἰ-ιι
439 2485 490 2513 eo
505 2469 651 2519 suerit,
671 2484 751 2513 nec
762 2472 994 2516 recesserit.
1012 2473 1134 2516 Unde
1155 2482 1198 2517 et
1210 2473 1479 2533 Evangelista
1495 2473 1578 2517 ai‘t:
1593 2490 1610 2514 ι
1625 2472 1738 2529 Quia

378 2543 556 2601 »plenus
585 2539 745 2599 Spiritu
773 2551 921 2587 sancto
944 2544 1153 2589 Dominus
1171 2544 1317 2597 «lesus,
1347 2544 1563 2605 regressus
1588 2548 1672 2589 est
1678 2541 1737 2586 ἐῶ

414 2629 1149 2679 tsosue.v,26.-—·soan.1‚27..—³1d
1163 2635 1432 2681 11¹,29..—⁴1d
1448 2628 1558 2674 x'72'1
