1780 3120
359 266 442 312 192
651 254 657 257 “
906 258 939 286 8.
976 253 1170 286 Amnnosu

356 343 514 392 infudi,
533 340 662 384 nolite
681 335 943 381 nobilitatem
959 343 1143 380 vestram
1160 333 1360 393 perdere·
1369 333 1440 379 Sic
1455 333 1545 380 aliae
1563 323 1727 384 matres

357 427 554 460 revocare
575 427 598 454 a
618 409 822 468 martyrio
843 409 980 451 solent
994 405 1111 450 ‘filios
1125 438 1136 456 ,
1159 420 1247 449 non
1265 420 1431 450 vocare.
1447 405 1516 451 ‘At
1535 406 1613 451 ista
1632 419 1727 454 mai

357 495 526 528 ternum
550 482 592 524 in
611 481 693 523 hoc
715 478 901 538 ponebat
912 476 1137 525 affectum,
1153 475 1188 518 si
1210 474 1308 519 filiis
1326 475 1457 520 vitam
1476 477 1609 536 magis
1631 492 1725 537 per-

356 562 528 612 petuam
543 584 555 600 ,
578 564 704 608 quam
720 548 998 607 temporalem
1016 544 1226 590 suaderet.
1254 545 1486 607 Spectabat
1502 540 1644 606 itaque
1653 548 1725 607 'pia

356 616 492 667 mater
506 621 690 664 filiorum
713 616 941 662 certamina
955 648 967 666 ,
988 623 1032 659 et
1050 615 1243 674 quamvis
1276 622 1569 660 maternorum
1593 617 1725 677 visco.-

357 709 452 737 rum
483 690 772 751 compassione
793 694 1063 745 quateretur,
1095 694 1239 730 tamen
1265 686 1432 745 pietatis
1465 687 1604 731 studio
1624 703 1725 746 pre-

356 766 500 808 mebat
520 764 723 806 dolorem.
750 759 804 802 Et
824 757 1031 802 offerente
1053 756 1291 809 Antiocho,
1326 773 1427 802 cum
1448 766 1591 818 posset
1610 758 1725 804 salu-

358 843 444 878 tem
465 834 618 890 eligere
641 831 824 874 filiorum
834 851 861 884 ⁴‚*
890 829 1076 872 malebat
1097 828 1363 888 periculum:
1387 830 1726 889 compressisque

355 914 518 950 naturae
539 903 778 962 gemitibuS,
800 916 947 960 poenas
960 900 1057 944 filiis
1073 901 1249 960 optabat
1271 901 1439 960 augeri,
1458 909 1506 945 ut
1522 916 1639 945 mors
1660 901 1727 945 ei-

356 977 440 1020 tius
467 975 836 1034 appropinquaret.
865 973 1069 1019 Videmus
1097 987 1300 1017 conversa
1322 981 1420 1017 vota
1441 963 1590 1017 matris
1613 973 1656 1016 in
1673 972 1728 1016 fi-

356 1048 456 1097 lios,
478 1063 532 1090 ne
554 1050 680 1104 quem
712 1045 984 1105 superstitem
1005 1045 1342 1103 derelinqueret,
1374 1045 1449 1089 sed
1473 1059 1622 1088 omnes
1646 1043 1728 1103 -piae

359 1119 599 1162 cohaeretles
624 1117 772 1160 mortis
810 1117 1063 1176 acquireret.

415 1189 502 1233 LII.
531 1188 614 1232 Sed
635 1203 714 1231 nec
745 1186 822 1230 filii
842 1187 1029 1231 minores
1061 1188 1135 1232 tali
1155 1196 1357 1247 parente,
1382 1187 1519 1246 quise
1545 1186 1729 1231 invicem

356 1259 711 1308 cohortabantur,
737 1258 811 1316 qui
842 1258 1044 1302 dicebant
1079 1274 1166 1301 uno
1199 1258 1361 1309 studio,
1378 1266 1422 1302 et
1441 1254 1626 1316 quadam
1642 1256 1729 1300 ani-

353 1343 522 1372 morum
546 1329 634 1371 acie
653 1328 829 1373 :Mortis
852 1329 1037 1372 adversae
1059 1329 1269 1387 impetum
1291 1334 1571 1388 proteramus.
1601 1328 1726 1372 Tunc

355 1400 469 1443 enim
488 1400 699 1450 vivemus,
722 1414 821 1442 cum
844 1399 1052 1443 fuerimus
1074 1400 1249 1443 mortui.
1271 1399 1407 1444 Nemo
1428 1399 1595 1459 pietatis
1618 1397 1729 1442 ordi-

353 1485 454 1512 nem
477 1470 762 1528 derclinquat,
794 1484 922 1512 nemo
960 1485 1004 1514 se
1031 1469 1257 1513 subtrahat
1285 1469 1430 1528 praelio
1459 1467 1724 1527 triumphali.

355 1541 447 1584 Non
470 1541 655 1591 homini,
676 1540 750 1584 sed
762 1541 1046 1601 omnipotenti
1072 1543 1164 1584 Deo
1182 1549 1347 1585 nostras
1370 1541 1616 1585 devovimus
1627 1541 1732 1584 ‚ani-

353 1626 466 1654 mas:
490 1627 576 1654 non
602 1611 786 1661 homini,
817 1612 1087 1656 sediauctori
1111 1613 1306 1656 omnium
1339 1612 1582 1656 militamus.
1617 1611 1729 1656 Talis

355 1682 446 1726 haec
462 1699 599 1741 pugna
623 1691 701 1733 est,
727 1691 783 1743 ut
800 1672 871 1726 ille
893 1683 1101 1742 gloriosus
1128 1683 1298 1735 vicerit,
1322 1683 1396 1741 qui
1419 1683 1635 1728 crudelius
1653 1697 1730 1741 oc-

357 1752 468 1795 cisus
485 1753 621 1796 suerit.
650 1754 798 1811 Itaque
820 1769 947 1797 nemo
969 1754 1139 1804 timuit,
1163 1743 1294 1797 nemov
1314 1753 1565 1811 trepidavit,
1587 1753 1729 1796 nullus
1753 1755 1757 1758 “

359 1823 411 1864 ad
440 1833 621 1866 mortem
654 1838 705 1867 ex
728 1831 790 1867 tot
822 1813 1026 1867 fratribus
1047 1823 1208 1882 pigrior
1228 1824 1338 1867 suit:
1365 1825 1440 1867 sed
1473 1826 1621 1866 omnes
1641 1820 1731 1866 tan*-

359 1909 483 1951 quam
508 1895 558 1936 ad
596 1893 923 1951 immortalitatis
949 1893 1084 1944 viam,
1109 1894 1166 1938 ita
1191 1895 1244 1937 ad
1265 1902 1450 1938 mortem
1477 1909 1555 1953 per
1576 1893 1730 1937 acerba

358 1964 560 2022 supplicia
590 1972 901 2014 cucurrerunt,
919 1973 962 2007 et
979 1972 1116 2008 mater
1133 1979 1321 2008 consona
1347 1980 1526 2009 cernens
1542 1964 1731 2009 filiorum

359 2034 542 2091 agmina,
569 2042 770 2092 tanquam
797 2035 866 2093 pia
896 2035 1035 2078 anima
1057 2036 1122 2078 sui
1146 2036 1341 2079 membra
1359 2037 1549 2096 corporis
1570 2037 1613 2079 in
1630 2034 1728 2079 filiis

359 2103 589 2153 offerebat,
617 2113 659 2147 et
688 2121 762 2163 per
783 2114 898 2149 artus
926 2105 1121 2165 proprios
1142 2107 1370 2151 videbatur
1385 2107 1465 2151 sibi
1488 2106 1628 2152 votiva
1655 2120 1729 2149 su-

360 2173 452 2217 bire
474 2183 696 2218 tormenta.
1141 2228 1143 2230 ,
1316 2227 1318 2231 ,

414 2243 521 2286 LIII.
551 2244 768 2288 Cadebant
790 2244 866 2289 filii
883 2247 1106 2292 tormentis
1129 2249 1389 2299 exulcerati,
1414 2247 1574 2293 mortui
1600 2261 1728 2307 super

357 2322 546 2356 mortuos
567 2316 899 2360 advolvebantur
912 2350 924 2368 ,
943 2332 1122 2377 corpora
1135 2334 1262 2378 super
1282 2326 1462 2379 corpora
1477 2319 1728 2364 volutaban-

358 2393 447 2433 tur,
469 2385 605 2442 capita
626 2402 753 2444 super
776 2387 913 2448 capita
930 2389 1253 2434 exsecabantur.
1280 2390 1477 2436 Refertus
1494 2398 1587 2443 erat
1606 2391 1728 2434 locus

361 2452 633 2498 cadaveribus
646 2454 829 2501 filiorum
843 2491 854 2511 ‚
868 2474 955 2503 non
972 2458 1089 2504 ssevit
1104 2470 1242 2505 mater
1255 2494 1267 2513 ,
1286 2476 1373 2506 non
1390 2462 1624 2513 ,lamentata
1644 2468 1726 2513 est.

359 2539 445 2567 non
461 2527 606 2569 oculos
629 2527 879 2587 cujusquam
911 2532 1084 2590 pressit,
1111 2542 1185 2577 aut
1210 2548 1283 2577 ora
1304 2522 1523 2577 morientis
1546 2526 1722 2582 clausit,
1778 2545 1780 2549 ·

359 2609 444 2640 non
461 2595 561 2639 lavit
582 2598 756 2643 vulnera
772 2633 783 2651 ,
807 2601 944 2646 sciens
966 2603 1233 2663 gloriosiores
1252 2620 1367 2658 esse,
1391 2605 1425 2651 si
1444 2603 1666 2649 eviscerati
1682 2610 1726 2648 et
