1780 3120
315 233 375 284 24
865 240 895 269 s.
937 239 1128 269 AMBROSII

372 318 525 363 LXIX.
574 335 590 357 α
614 317 739 367 Veni,
771 316 900 359 frater
921 332 1065 365 meus,
1088 330 1287 358 exeamus
1320 314 1363 357 in
1392 330 1569 374 agrum,
1603 329 1675 361 ro-

312 389 605 447 »quiescamus
630 386 672 429 in
697 386 876 428 castellis
898 385 928 428 ¹.
960 403 976 425 »
1008 386 1144 443 Supra
1173 386 1227 426 ad
1249 385 1422 427 hortum
1446 385 1670 436 invitabat,

309 458 380 502 hle
405 459 456 499 ad
487 471 632 514 agrum
655 456 883 498 habentem
905 469 992 496 non
1012 456 1149 496 solum
1176 453 1332 496 ssorum
1360 454 1537 512 gratiam
1558 487 1569 504 ,
1599 456 1681 513 sed¹

310 527 437 569 etiam
468 525 655 568 triticum
681 532 724 567 et
753 525 961 566 hordeum
980 556 991 573 ‚
1021 523 1104 566 hoc
1126 531 1213 573 est,
1252 523 1499 566 solidiorum
1527 523 1674 567 firma—-

309 605 451 638 menta
468 596 671 639 virtutum
684 628 696 645 ,
715 603 763 637 ut
780 595 943 637 fructus
959 593 1051 651 ejus
1075 594 1261 651 aspiciat.
1285 611 1302 633 «
1316 594 1646 652 Requiescamus
1658 627 1670 644 ,

308 683 327 705 »
340 665 487 722 inquit,
507 666 549 707 in
565 665 761 713 castellis,
780 682 795 704 »
824 666 877 706 ad
898 671 994 721 quae
1007 662 1146 706 Adam
1163 673 1261 704 c‘um
1279 665 1332 706 de
1352 664 1546 721 paradiso
1563 663 1673 722 ejec-

308 743 377 778 tus
397 744 520 786 esset,
543 735 680 779 fuerat
702 737 930 792 relegatus:
951 733 993 775 in
1006 732 1071 775 his
1087 733 1396 790 requiescebat,
1416 734 1493 776 sed
1514 741 1674 776 terram

306 800 571 863 operabatur.
600 806 694 858 Qua
721 812 861 847 autem
883 803 1044 846 ratione
1066 802 1179 844 exire
1198 817 1297 845 eum
1320 803 1363 845 in
1388 818 1536 860 agrum
1554 803 1671 854 velit,

306 875 543 918 intellectus
568 875 813 918 manifestus
839 882 903 916 est
925 891 937 923 ;
970 881 1015 915 ut
1042 872 1160 930 quasi
1189 873 1328 915 bonus
1355 881 1501 931 pastor
1528 881 1674 931 pascat

304 960 475 1003 gregem
498 961 642 994 suum,
668 946 797 987 lassos
820 944 984 987 ablevet
999 976 1010 993 ,
1035 950 1205 985 revocet
1235 951 1438 986 errantes.
1464 943 1571 986 Nam
1594 943 1673 986 etsi

307 1014 386 1058 ista
411 1016 547 1057 anima
575 1031 682 1059 nova
703 1023 745 1058 et
770 1024 912 1058 vetera
941 1013 1121 1056 servavit
1141 1012 1179 1055 ei
1200 1029 1211 1061 ;
1240 1021 1383 1055 tamen
1407 1021 1505 1056 sunt
1534 1013 1673 1057 adhuc

306 1086 420 1128 velut
439 1086 548 1143 agni,
569 1086 640 1143 qui
657 1086 776 1128 lactis
793 1100 921 1127 succo
937 1082 1154 1126 nutriendi
1175 1090 1287 1125 sunt.
1314 1083 1425 1141 Ergo
1442 1083 1562 1141 quasi
1579 1094 1674 1142 per-

305 1154 416 1197 fecta
440 1171 521 1197 non
542 1171 619 1213 pro
642 1171 700 1205 se,
725 1157 799 1197 sed
814 1170 891 1213 pro
913 1154 1001 1196 aliis
1023 1153 1267 1203 intervenit,
1290 1162 1340 1196 ut
1361 1155 1414 1196 de
1432 1154 1526 1196 sinu
1538 1153 1672 1197 Patris

307 1233 442 1274 exeat,
467 1233 512 1266 ut
531 1227 734 1283 procedat
744 1225 854 1267 foras
874 1233 1071 1281 tanquam
1090 1239 1267 1282 sponsus
1286 1225 1338 1266 de
1356 1224 1541 1267 thalamo
1559 1239 1674 1283 egre-

307 1293 426 1336 diens
441 1310 532 1344 suo,
558 1303 699 1338 currat
719 1295 828 1338 viam
850 1303 897 1337 ιιι
919 1293 1110 1336 infirmos
1122 1295 1313 1337 lucretur
1327 1326 1338 1344 ,
1356 1295 1499 1337 nonin
1524 1295 1593 1337 illo
1605 1310 1674 1337 se-

307 1371 426 1405 creto
446 1364 579 1407 Patris
600 1365 703 1409 solio
719 1398 730 1415 ,
752 1373 793 1407 et
817 1365 860 1406 in
889 1365 957 1407 illa
978 1365 1075 1407 luce
1095 1363 1367 1414 immoretur,
1393 1380 1477 1422 quo
1501 1365 1674 1408 invalidi

308 1434 425 1490 sequi
448 1449 533 1476 non
558 1444 742 1492 queant:
769 1437 842 1478 sed
869 1445 915 1478 ut
939 1443 1175 1487 assumatur
1197 1443 1239 1478 et
1266 1436 1494 1479 inducatur
1524 1436 1568 1478 in
1595 1437 1674 1479 do-

306 1517 426 1546 mum
443 1520 603 1562 sponsae
623 1514 746 1564 atque
763 1514 987 1549 secretum.
1011 1506 1074 1549 Sit
1090 1497 1194 1548 soris¹
1211 1506 1307 1556 sibi,
1326 1516 1374 1549 ut
1391 1507 1514 1550 nobis
1531 1507 1668 1552 intus:

308 1573 362 1616 sit
381 1574 547 1616 medius
567 1583 775 1626 nostrum,
801 1576 878 1618 etsi
898 1591 984 1618 non
1005 1577 1196 1619 videatur
1218 1592 1240 1619 a
1261 1577 1396 1620 nobis.

366 1643 500 1687 LXX.
540 1646 660 1688 Unde
686 1647 743 1688 ait
768 1663 826 1705 ²}
858 1647 964 1699 Quis
994 1648 1113 1691 dabit
1141 1656 1183 1690 te
1204 1680 1215 1698 ,
1251 1647 1406 1698 frater,
1441 1649 1674 1692 lactantem

307 1713 468 1756 »ubera
494 1715 638 1757 matris
665 1715 797 1758 meae?
820 1716 1041 1759 Inveniens
1063 1724 1104 1759 te
1129 1717 1251 1766 soris,
1276 1718 1503 1760 osculabor
1523 1727 1565 1761 te
1584 1717 1625 1762 ².*
1644 1737 1661 1759 n

306 1783 425 1827 Bona
448 1783 586 1827 anima
604 1801 695 1842 quae
716 1786 815 1828 soris
838 1794 916 1836 est,
942 1795 990 1829 ιιι
1011 1786 1200 1830 Verbum
1217 1787 1331 1831 intus
1353 1787 1406 1831 sit
1424 1802 1435 1830 :
1463 1787 1533 1831 illa
1555 1795 1672 1832 extra

305 1868 478 1912 corpus,
504 1863 551 1897 ut
573 1855 759 1899 Verbum
781 1856 943 1899 habitet
964 1857 1007 1899 in
1023 1857 1159 1900 nobis.

364 1923 518 1967 LXXI.
557 1943 573 1965 α
596 1924 818 1969 Assumam
835 1935 898 1976 te,
924 1927 1082 1984 inquit,
1102 1936 1145 1970 et
1167 1928 1367 1971 inducam
1393 1927 1476 1972 ιε’.
1497 1945 1514 1968 »
1540 1928 1672 1973 Recte

308 1994 535 2036 assumitur
555 2003 597 2038 et
618 1996 834 2039 inducitur
850 1997 1039 2041 Verbum
1061 1998 1139 2041 Dei
1157 2031 1168 2048 ,
1188 1998 1285 2056 quia
1307 1999 1447 2057 pulsat
1467 1999 1669 2049 animam,

306 2071 356 2105 ut
382 2064 593 2122 aperiatur
619 2065 697 2108 sibi
727 2066 894 2110 ostium.
920 2068 973 2110 Et
993 2068 1072 2110 nisi
1095 2077 1289 2127 apertum
1316 2069 1396 2112 sibi
1423 2069 1582 2112 ostium
1603 2069 1672 2112 in-

308 2134 493 2183 venerit,
522 2150 607 2177 nou
635 2136 773 2180 intrat.
803 2136 846 2179 Si
868 2138 960 2195 quis
986 2147 1128 2181 autem
1152 2139 1366 2198 aperuerit
1387 2138 1560 2197 januam
1575 2171 1587 2190 ,
1611 2139 1671 2182 in-

306 2211 393 2246 trat
413 2213 456 2247 et
477 2214 626 2248 coenat.
651 2205 720 2249 Sic
741 2222 892 2265 sponsa
912 2207 1100 2253 Verbum
1123 2210 1323 2260 assumit,
1349 2218 1397 2253 ut
1417 2211 1671 2254 assumendo

309 2276 513 2319 doceatur
525 2294 536 2327 ;
558 2278 672 2320 unde
694 2294 779 2320 non
797 2279 1008 2324 immerito
1026 2282 1232 2331 ascendit,
1251 2282 1391 2324 adhuc
1411 2279 1466 2324 ad
1484 2281 1672 2340 superio-

307 2358 374 2387 res
394 2346 657 2398 mansiones,
680 2356 724 2391 et
744 2364 911 2407 semper
927 2366 1175 2409 processum
1197 2351 1352 2410 accipit
1378 2352 1457 2409 (7).

367 2414 543 2459 LXXII.
568 2418 695 2470 Quod
711 2419 946 2477 significant
961 2421 1134 2465 virtutes
1146 2437 1238 2480 quae
1256 2422 1404 2465 dicunt
1417 2422 1481 2465 vel
1496 2421 1668 2466 animae:

315 2501 333 2524 ι
351 2484 455 2537 Quoe
468 2495 531 2529 est
545 2487 636 2530 haec
652 2503 744 2545 quae
758 2491 1137 2535 asconditcandida
1152 2493 1335 2536 innitens
1351 2508 1480 2553 super
1496 2493 1672 2537 fratrem

355 2582 365 2598 ¹
386 2573 481 2608 Cant.
501 2586 559 2614 vu.
579 2587 685 2612 ιι.-
702 2589 715 2604 ·
736 2580 784 2613 Id.
799 2591 871 2619 viu,
893 2592 971 2615 ι.--
994 2584 1007 2607 ⁵
1022 2575 1158 2617 1bid.¹2.
