1780 3120
351 275 436 327 248
895 284 926 309 s.
965 280 1158 310 AMBnosu

347 381 433 425 prae
457 362 617 407 caeteris
643 360 842 404 fratribus
870 361 1007 403 ultum
1036 359 1096 401 ire
1126 357 1372 416 cupientes,
1403 343 1708 422 simulaverunt
1755 395 1758 396 γ

348 450 446 477 cum
464 432 560 491 ipsis
585 427 690 474 inire
712 431 818 473 velle
836 445 879 472 se
904 427 1108 487 gratiam,
1132 435 1174 470 et
1195 428 1288 470 ideo
1312 434 1508 486 oportere
1530 426 1709 492 circum-

348 503 432 548 cidi
448 518 521 546 eos
540 509 787 551 suaserunt3
807 509 853 544 ut
874 500 1076 558 religione
1096 495 1299 542 concordi
1319 514 1402 559 pax
1425 496 1536 542 inter
1556 504 1644 549 eos,
1666 506 1710 563 et

347 574 602 634 recipiendae
619 573 829 616 affinitatis
847 572 1024 616 societas
1045 571 1315 634 firmaretur:
1341 570 1416 614 sed
1435 570 1709 631 circumcisos

349 646 486 690 adorsi
515 645 757 688 recentibus
784 644 922 687 adhuc
956 643 1219 693 vulneribus,
1248 639 1303 699 'et
1330 641 1522 686 invalidis
1547 640 1710 705 ¹viribus

346 733 451 777 quas
475 718 594 760 dolor
617 717 813 765 solverat,
835 715 995 758 fractos
1015 714 1083 757 die
1100 711 1424 773 superveniente
1443 713 1569 758 tertio
1585 715 1708 757 neca*-

346 796 509 830 verunt.
552 788 652 829 Ideo
688 793 729 828 et
766 785 942 828 fortasse
978 785 1045 827 isti
1067 787 1152 828 duo
1188 787 1347 829 ultores
1379 801 1469 845 prae.
1505 784 1667 847 caeteris
1693 818 1705 835 ,

345 849 443 915 quia
467 855 703 899 scribarum
734 863 776 898 et
802 856 1072 898 sacerdotum
1100 864 1297 900 auctores
1319 864 1428 899 sunt.
1457 855 1571 908 Nulli
1594 855 1708 898 enim

345 927 478 985 magis
503 942 631 984 quam
663 926 872 984 sapientes
894 934 938 969 et
964 928 1204 970 sacerdotes
1226 928 1386 971 dehent
1417 926 1709 986 castimoniam

345 997 572 1040 vindicare.
1338 1055 1342 1061 ⁵

346 1066 349 1071 ’
402 1069 481 1112 ΧΙ.
517 1068 602 1112 Sed
622 1068 665 1111 in
687 1068 768 1111 hoc
790 1084 961 1127 quoque
981 1077 1125 1112 errant
1149 1069 1175 1112 J
1180 1070 1302 1114 udaei.
1329 1070 1402 1114 Isti
1422 1070 1537 1114 enim
1562 1085 1711 1113 causas

349 1141 505 1184 doloris
538 1140 602 1183 sui
629 1140 912 1200 praestiterant
938 1141 1071 1200 patri,
1107 1150 1340 1185 asserentes
1373 1157 1418 1185 se
1446 1141 1490 1186 in
1518 1142 1588 1185 illa
1611 1141 1712 1186 licet

346 1220 467 1255 aetate
486 1211 662 1269 juvenili
684 1211 871 1254 vindices
893 1211 999 1254 laesae
1016 1211 1143 1254 fuisse
1164 1212 1356 1270 pietatis,
1376 1220 1418 1255 et
1441 1212 1603 1256 violatae
1619 1227 1713 1255 cas·-

348 1282 476 1324 titatis
495 1283 663 1325 ultores.
691 1281 819 1334 Quod
831 1281 974 1339 utique
997 1290 1167 1326 sanctus
1185 1285 1472 1327 condemnare
1488 1299 1574 1326 non
1595 1291 1713 1343 pote-

317 1341 321 1344 ·
347 1361 428 1403 rat,
457 1353 554 1410 quia
576 1368 661 1395 non
688 1354 799 1411 passi
822 1346 923 1396 sunt
945 1354 1124 1397 inultam
1146 1370 1339 1398 sororem
1359 1370 1479 1398 suam
1506 1357 1602 1398 loco
1624 1370 1714 1399 esse

347 1422 597 1473 meretricis,
626 1439 718 1481 quae
745 1432 786 1467 et
810 1425 1091 1483 virginitatem
1114 1427 1338 1477 amiserat,
1361 1435 1405 1470 et
1427 1425 1629 1484 vindictae
1644 1440 1691 1468 so

344 1495 493 1538 latium
518 1484 604 1537 non
620 1495 806 1538 habebat
831 1510 841 1537 ε
869 1496 1051 1539 maxime
1073 1497 1278 1556 cumipse
1294 1497 1355 1541 sic
1378 1495 1715 1556 factum„proba‘

347 1565 478 1615 verit,
501 1573 549 1607 ut
578 1565 811 1608 Sichimam
833 1566 1093 1624 possideret,
1124 1576 1167 1611 et
1187 1568 1230 1610 in
1258 1558 1395 1611 morte
1420 1560 1598 1611 donaret
1620 1581 1715 1610 eam

348 1635 434 1678 filio
458 1651 534 1678 suo
557 1635 828 1679 dilectissimo
842 1636 1001 1697 Joseph
1015 1671 1026 1687 ,
1052 1639 1196 1682 dicens
1214 1641 1269 1682 ad
1289 1654 1389 1681 eum
1410 1654 1420 1681 ς
1437 1656 1454 1678 «
1473 1638 1537 1687 Do
1557 1636 1716 1687 tibiSi-

347 1706 563 1749 »chimam
587 1707 847 1765 praecipuam
870 1695 998 1765 suner
1018 1724 1165 1751 omnes
1182 1708 1334 1752 fratres
1354 1718 1469 1759 tuos,
1493 1698 1621 1766 quam
1645 1722 1716 1752 ae-

348 1797 364 1818 n
379 1778 471 1836 cepi
484 1780 536 1822 de
544 1779 688 1822 manib
695 1778 1116 1822 usAmorrhaeorum
1106 1795 1147 1822 ln
1158 1780 1368 1823 machaera
1379 1795 1475 1822 mea
1484 1791 1525 1823 et
1536 1778 1676 1822 arcu&
1689 1797 1705 1818 »

350 1849 477 1902 Quod
489 1849 649 1892 factum
664 1850 808 1908 negari
829 1865 916 1893 non
938 1858 1089 1908 potest.
1112 1850 1388 1908 Interpretari
1407 1859 1548 1894 tamen
1565 1865 1717 1913 possu-

347 1934 442 1961 mus
483 1935 559 1978 per
597 1912 833 1963 Sichimani
872 1920 1074 1964 humeros
1111 1921 1362 1980 significari,
1405 1937 1482 1980 per
1514 1921 1717 1969 humeros

349 2005 487 2049 opera.
514 1991 736 2033 Haeredem
770 2007 870 2050 ergo
899 1992 1113 2035 bonorum
1134 2008 1314 2052 operum
1343 2002 1538 2037 sanctum
1557 1993 1718 2053 Joseph

351 2077 437 2119 prae
463 2061 625 2104 caeteris
648 2061 799 2120 elegit,
827 2061 951 2120 cujus
971 2054 1099 2121 oliera
1123 2064 1274 2107 fratres
1299 2079 1464 2122 aequare
1490 2079 1576 2110 non
1602 2072 1720 2124 pote³

350 2140 459 2174 rant.
487 2132 592 2184 Quis
613 2132 728 2174 enim
748 2132 859 2175 sacta
884 2133 1042 2177 Christi
1062 2135 1201 2192 potuit
1223 2135 1517 2193 adaequare?

411 2202 507 2246 XII.
545 2202 654 2245 Tum
677 2211 880 2260 praeterea
897 2204 1197 2248 immaculatus
1218 2214 1261 2249 et
1288 2214 1427 2249 castus
1456 2208 1509 2250 de
1527 2183 1610 2251 hoc
1633 2214 1719 2250 ter-

353 2287 456 2314 reno
480 2271 725 2322 diversorio,
745 2280 788 2314 et
809 2273 1064 2332 impuritatis
1082 2277 1327 2320 auctoribus
1344 2277 1565 2320 manubias
1579 2292 1721 2336 repor—

353 2342 471 2391 tavit,
509 2343 652 2385 locum
686 2344 841 2402 stupris
879 2354 921 2387 et
953 2345 1120 2405 flagitiis
1152 2357 1372 2392 vacantem
1393 2337 1459 2392 'ad
1487 2349 1719 2393 incolatum

357 2421 608 2455 sanctorum
632 2414 771 2456 verbis
797 2416 1058 2467 coelestibus,
1091 2426 1135 2461 et
1154 2418 1292 2499 gladio
1317 2420 1487 2479 capiens
1509 2420 1716 2484 spiritali·
1704 2453 1716 2470 ,

355 2491 403 2527 ut
422 2483 496 2526 ubi
515 2482 821 2529 inhabitatores
840 2494 936 2530 ante
955 2488 1135 2532 lasciviae'
1149 2498 1190 2532 et
1209 2489 1420 2550 principes
1441 2491 1617 2535 luxuriae
1631 2506 1720 2545 ver

351 2555 568 2605 sabantur‚
596 2556 671 2599 ubi
692 2556 860 2633 fuerant
880 2559 1092 2608 incentiva
1120 2561 1331 2614 libidinis,
1365 2571 1409 2607 et
1434 2562 1622 2611 fomenta
1642 2577 1720 2610 ne-

400 2656 411 2675 ¹
431 2648 523 2686 Gen,
548 2659 664 2690 ιινιιι,
680 2660 734 2686 22.
