1780 3120
410 255 465 283 nn
495 253 603 283 nono
635 253 799 284 nonus.
839 253 963 283 unna
995 253 1113 283 usus.
1392 240 1449 285 53

84 339 208 387 cato:
227 329 352 375 tertia
365 345 483 374 mors
501 330 643 375 media
660 330 715 374 sit
725 347 739 381 ς
762 345 860 375 nam
882 338 926 373 et
944 330 1059 374 bona
1073 330 1195 388 justis
1207 329 1389 382 videtur,
1408 340 1454 376 et

82 402 297 462 plerisque
321 403 579 460 metuenda,
613 416 707 459 qnae
737 416 836 445 cnm
862 402 1054 444 absolvat
1081 416 1253 451 omnes,
1293 417 1454 469 paucos

46 509 51 517 .
84 473 278 524 dwctat.
306 470 392 515 Sed
413 487 499 517 non
521 471 606 516 hoe
627 472 776 515 mortis
797 480 861 514 est
878 471 1054 521 vitium,
1080 479 1122 514 at
1147 481 1303 514 nostrae
1329 471 1453 515 infir-

1 588 3 592 4
82 543 266 595 mitatis,
290 542 365 602 qui
381 544 599 601 voluptate
619 542 832 601 corporis,
849 550 893 585 et
909 542 1190 585 delectatione
1213 543 1308 584 vitae
1331 542 1451 585 istius

82 614 277 675 capimur
298 623 342 658 et
362 629 535 658 cursum
552 613 669 657 hunc
687 628 985 656 consummare
1001 612 1261 671 trepidamus
1274 647 1287 663 ‚
1305 613 1348 655 in
1367 628 1452 670 quo

82 685 177 744 plus
198 684 516 733 amaritudinis,
537 699 666 743 qnam
686 682 914 742 voluptatis
935 691 1012 725 est.
1048 683 1106 725 At
1133 698 1218 725 non
1242 683 1386 725 vsancti
1407 691 1452 727 et

82 754 291 812 sapientes
300 754 377 797 viri
394 755 467 812 qui
486 754 795 813 longzevitatem
812 753 1162 812 peregrinationis
1180 752 1309 810 hujus
1330 753 1452 811 inge·

83 823 343 876 miscebant,
378 824 575 873 dissolvi,
590 832 640 867 et
659 839 758 867 cum
785 818 954 867 Christo
978 839 1071 867 esse
1091 823 1314 882 pulchrius
1334 823 1451 866 aesti-

79 902 268 952 mantes,
292 893 475 952 denique
492 894 606 937 diem
625 893 909 952 generationis
929 909 1017 937 suae
1042 895 1368 943 execrabantur,
1392 893 1452 936 si-

81 970 155 1011 cut
177 962 271 1023 quis
293 963 351 1006 ait
369 977 380 1004 :
405 981 422 1002 ι
436 963 585 1006 Pereat
604 963 692 1006 dies
713 963 782 1007 illa
799 963 844 1006 in
867 979 951 1022 qua
973 972 1098 1006 natus
1120 964 1255 1007 sum’.
1279 982 1296 1003 »

90 1081 100 1083 ⁷,
137 1031 209 1076 IV.
239 1032 358 1088 Quid
376 1032 492 1076 enim
510 1041 576 1076 est
601 1035 715 1091 quod
738 1033 830 1081 haec
852 1033 934 1076 vita
949 1035 1148 1083 delectet,
1161 1035 1284 1092 plena
1297 1047 1449 1076 aerum-

79 1117 234 1156 narum
258 1111 303 1147 et
323 1103 657 1146 sollicitudinum
671 1103 692 1146 P
706 1104 754 1146 In
769 1119 854 1162 qua
874 1103 1108 1147 innnmerae
1133 1103 1380 1152 calumniae,
1408 1110 1455 1146 et

79 1174 224 1217 multae
241 1172 466 1227 molestiae,
495 1182 536 1217 et
558 1175 703 1216 multte
713 1175 914 1233 lacrymae
928 1190 1077 1218 eorum
1098 1175 1171 1232 qui
1195 1174 1453 1217 afflictantur

0 1266 2 1309 j
77 1242 299 1303 molestiis,
312 1261 330 1283 ι
342 1243 395 1286 Et
404 1258 491 1286 non
503 1251 583 1293 est,
600 1243 753 1301 inquit,
772 1244 843 1302 qni
857 1260 933 1287 eos
945 1246 1190 1287 consoletur
1200 1243 1231 1286 ².
1253 1263 1271 1283 ι
1281 1244 1337 1286 Et
1353 1243 1450 1286 ideo

77 1313 504 1358 laudatEcclesiastes
516 1333 533 1353 ι
541 1314 775 1358 Defunctos
787 1315 919 1374 magis
927 1331 1056 1373 quam
1068 1315 1269 1358 viventes.
1284 1315 1338 1357 Et
1349 1313 1453 1373 opti·

79 1401 101 1433 η
109 1399 222 1438 mus,
233 1384 387 1442 inquit,
397 1400 525 1444 supra
535 1384 615 1428 hos
624 1386 747 1435 duos,
758 1385 831 1444 qui
842 1387 1034 1429 nondum
1048 1394 1171 1429 natus
1181 1394 1262 1435 est,
1273 1386 1345 1443 qui
1363 1393 1451 1428 non

81 1452 216 1497 »vidit
228 1453 312 1512 hoc
330 1455 491 1497 malum
507 1453 539 1497 ³.
561 1473 579 1494 ι
605 1455 659 1498 Et
673 1456 775 1498 alibi
796 1455 913 1498 idem
932 1456 1209 1498 Ecclesiastes
1228 1457 1452 1498 meliorem

1 1578 4 1582 ¹
83 1525 274 1583 longaevo
288 1524 381 1582 viro
395 1539 496 1567 eum
513 1525 707 1575 asseruit,
719 1540 846 1582 quem
858 1525 911 1568 ab
921 1534 1021 1568 ortu
1035 1525 1162 1583 ejecit
1175 1533 1312 1568 mater
1327 1525 1422 1568 sua‘
1434 1542 1451 1576 ς

29 1591 34 1596 '
80 1595 181 1652 qnia
200 1609 287 1638 non
306 1594 411 1638 vidit
430 1595 523 1638 haec
543 1595 655 1638 mala
679 1610 773 1653 quae
793 1594 902 1640 fiunt
918 1596 962 1638 in
983 1596 1067 1638 hoc
1087 1597 1274 1644 mundo,
1297 1610 1377 1638 nec
1405 1595 1451 1638 in

80 1663 157 1709 has
173 1663 294 1707 venit
312 1664 534 1713 tenebras,
568 1678 650 1708 nec
670 1664 714 1707 in
737 1665 918 1708 vanitate
940 1665 1174 1708 ambulavit
1203 1665 1371 1714 saeculi;
1404 1671 1451 1708 et

80 1734 177 1790 ideo
191 1734 383 1793 requiem
401 1734 475 1777 hic
494 1734 627 1793 magis
642 1734 819 1778 habebit
840 1735 912 1793 qui
933 1735 978 1778 in
999 1735 1112 1778 hanc
1131 1736 1261 1779 vitam
1279 1751 1365 1778 non
1381 1751 1453 1779 ve-

79 1805 167 1855 nit,
190 1819 319 1863 quam
339 1805 409 1849 ille
441 1804 514 1863 qni
543 1804 672 1848 venit.
697 1804 816 1859 Quid
841 1806 956 1849 enim
986 1806 1093 1849 boni
1116 1815 1181 1850 est
1210 1806 1374 1851 homini
1403 1807 1450 1850 in

78 1875 160 1932 bac
178 1875 283 1926 vita,
305 1876 379 1934 qni
399 1876 443 1919 in
460 1874 612 1919 umbra
635 1875 759 1926 vivit,
787 1891 869 1919 nec
891 1876 1052 1934 expleri
1071 1884 1212 1935 potest
1234 1877 1451 1935 cupidita-

0 1943 3 1982 ἶ
78 1945 198 2001 tibus
208 1946 324 1989 suis?
343 1947 398 1990 Et
410 1946 446 1990 si
461 1947 681 2005 expleatur
693 1945 867 2003 divitiis,
881 1945 1071 1989 fructum
1092 1946 1246 2004 qnietis
1266 1947 1447 1997 amittit,

4 2040 7 2045 ,
80 2014 180 2073 quia
201 2017 369 2075 cogitur
382 2016 598 2060 custodire
618 2016 735 2074 quod
750 2015 903 2059 misera
924 2015 1125 2073 aviditate
1145 2016 1382 2074 qnaesierit;
1398 2025 1451 2061 ut

79 2085 275 2130 miserius
297 2101 369 2129 eas
393 2086 631 2145 possideat.
654 2086 724 2141 cui
745 2087 946 2145 prodesse
970 2101 1057 2129 non
1084 2095 1302 2145 poterunt.
1330 2087 1451 2142 Quid

8 2163 16 2173 ⁷
80 2156 196 2200 enim
210 2155 405 2200 miserius
425 2171 554 2216 quam
572 2165 622 2200 ut
646 2157 839 2200 custodia
861 2165 1083 2216 torqueat,
1105 2172 1287 2215 quarum
1310 2157 1452 2201 abun-

81 2225 227 2281 dantia
246 2225 352 2271 nihil
374 2226 539 2286 prosit?

9 2329 25 2362 *T*
94 2337 110 2342 ,,
140 2296 190 2341 V.
226 2297 375 2355 ltaque
395 2297 429 2340 si
453 2298 578 2356 plena
600 2296 740 2348 oneris
759 2297 870 2347 vita,
887 2297 1036 2356 ntique
1056 2296 1268 2358 finis-ejus
1290 2298 1451 2341 alleva-

11 2406 21 2411 -
82 2374 228 2410 mento
249 2375 342 2410 est:
363 2368 690 2410 allevamentum
706 2375 849 2411 antem
874 2376 938 2411 est
959 2368 1121 2411 bonum
1134 2401 1146 2418 ,
1163 2383 1278 2411 mors
1305 2377 1449 2413 autem

84 2435 212 2487 finis:
240 2452 357 2480 mors
385 2437 514 2496 igitur
540 2437 704 2481 bonnm
732 2445 809 2482 est.
836 2437 985 2496 Neque
1004 2439 1120 2482 enim
1141 2438 1263 2482 aliter
1282 2437 1451 2496 gavisus

86 2515 151 2551 est
181 2515 226 2550 et
253 2507 425 2551 Simeon
439 2540 451 2557 ,
477 2508 550 2566 qni
572 2523 825 2568 responsum
846 2517 1071 2568 acceperat
1086 2524 1173 2552 non
1189 2509 1380 2551 visurum
1402 2523 1450 2551 se

92 2583 1107 2641 '·101».m,2.—·'rhoeu.=,2.—³Bede.n,2‚s.-
1128 2599 1325 2639 ⁴1d.v1‚3.
