1780 3120
351 278 377 320 3
388 294 403 319 1
416 288 435 319 τ»,
901 287 933 315 s.
975 283 1162 315 AMnnosn

352 367 434 412 illis
458 365 599 424 lingua
624 364 678 408 sit
697 364 866 414 castior,
891 365 963 407 sed
985 363 1212 407 auctoritas
1233 363 1416 407 inferior.
1443 361 1577 420 Major
1593 362 1708 407 enim

350 438 413 480 vis
442 451 585 479 rerum
616 435 660 479 in
695 435 844 479 talium
878 434 1146 494 expressione
1177 449 1422 478 sermonum
1450 442 1514 478 est
1525 451 1537 484 3
1561 442 1610 478 ut
1638 433 1711 492 qui

350 506 501 550 delicta
527 521 614 549 non
634 506 914 556 erubescunt,
952 506 1205 548 erubescant
1230 506 1298 548 vel
1327 505 1500 548 nomina
1531 504 1710 548 delicto-

347 591 459 619 rum.
478 594 494 615 α
516 576 691 633 Eritque
717 576 880 634 Tyrus,
914 575 1073 634 inquit,
1099 584 1146 618 ut
1171 575 1385 618 canticum
1407 568 1655 619 meretricis.
1681 592 1699 615 ι

349 646 459 691 Vide
476 662 529 690 ne
558 662 656 689 cum
678 646 827 704 aliquis
846 646 939 689 illos
969 647 1122 690 choros
1143 646 1295 689 viderit
1313 646 1452 704 turpia
1470 645 1596 689 verba
1615 660 1710 690 can-

349 727 441 761 tare
453 718 565 761 dicat
584 732 593 760 ε
612 735 627 756 «
642 717 754 760 Ecce
765 717 903 775 Tyrus
921 716 1030 760 sacta
1047 725 1111 760 est
1127 726 1175 760 ut
1187 716 1400 760 canticum
1414 715 1662 760 meretricis.
1684 733 1701 754 ι

352 790 585 836 Graculum
605 788 864 847 propheticae
886 788 1217 831 annuntiationis
1239 787 1461 846 impletum
1482 795 1562 833 est.

409 858 602 903 LXXIV.
630 859 683 901 Et
703 858 887 916 subjecit
906 874 950 901 :·«
968 857 1128 917 Accipe
1153 858 1382 907 citharam,
1414 864 1459 901 et
1478 871 1629 916 vagare
1650 856 1714 900 ci-

352 930 488 973 »vitas
523 929 726 972 meretrix
754 929 907 979 oblita,
937 929 1048 972 bene
1075 929 1300 978 cithariza,
1330 928 1465 971 multa
1487 934 1635 977 canta,
1667 934 1716 970 ut

355 1019 372 1040 r>
385 999 459 1042 fiat
479 999 683 1057 memoria
700 999 776 1042 tui.
797 999 850 1042 Et
866 1007 962 1058 post
977 999 1241 1058 septuaginta
1264 1014 1396 1042 annos
1416 998 1498 1042 erit
1515 998 1652 1056 Tyrus
1667 1004 1715 1040 ut

350 1089 368 1110 20
382 1069 597 1113 canticum
615 1069 849 1112 meretricis
860 1103 871 1119 ,
894 1078 938 1113 et
954 1069 1233 1112 visitationem
1250 1069 1376 1113 saciet
1391 1069 1505 1112 Deus
1518 1069 1621 1127 Tyri
1636 1062 1670 1111 ‘z'
1688 1086 1705 1108 ι

351 1142 474 1184 ,Ηιιᾶθ
504 1155 729 1200 possumus
758 1148 801 1183 et
827 1140 870 1183 in
897 1141 1012 1184 bono
1041 1141 1256 1184 canticum
1277 1140 1425 1185 Rahab
1447 1139 1559 1183 illius
1577 1154 1717 1183 mere-

353 1212 470 1255 tricis
495 1212 688 1270 accipere
703 1244 714 1261 ‚
738 1227 831 1269 quae
849 1213 1136 1270 exploratores
1157 1211 1260 1254 Jesu
1281 1210 1396 1254 fideli
1417 1218 1560 1257 mente
1580 1225 1718 1253 susce·

351 1284 428 1341 pit.
451 1283 557 1326 Nam
580 1292 623 1326 et
639 1282 846 1326 Dominus
868 1283 925 1325 ait
945 1299 955 1324 :
972 1300 988 1322 «
1013 1282 1284 1326 Cantavimus
1304 1282 1446 1332 vobiS,
1471 1289 1514 1325 et
1533 1295 1620 1324 non
1635 1281 1719 1324 sal-

353 1371 371 1392 »
386 1352 545 1396 tastis2.
573 1371 588 1392 n
603 1353 656 1395 Et
680 1352 816 1396 David
837 1353 894 1395 ait
914 1368 924 1395 ε
941 1369 958 1392 (ι
987 1353 1165 1396 Cantate
1193 1352 1378 1396 Domino
1404 1352 1619 1396 canticum
1636 1366 1719 1399 no.-

354 1438 508 1472 »vum,
536 1431 704 1466 cantate
732 1423 916 1467 Domino
937 1423 1076 1466 omnis
1105 1423 1261 1474 terr-2³,
1285 1424 1398 1468 »hoe
1419 1431 1484 1467 est
1503 1422 1719 1468 canticum

354 1493 591 1536 meretricis
606 1526 618 1543 ,
646 1495 762 1550 quod
782 1501 879 1535 ante
901 1493 971 1535 illa
992 1494 1195 1537 meretrix
1215 1495 1259 1537 in
1281 1495 1418 1538 Adam
1437 1502 1480 1537 et
1500 1494 1584 1537 Eva
1607 1501 1720 1537 terra

354 1563 562 1612 cantavit,
578 1564 781 1606 meretrix
803 1564 845 1605 in
860 1565 1019 1621 populo
1032 1565 1267 1609 nationum.
1293 1565 1394 1608 Haec
1417 1552 1618 1608 meretrix
1633 1565 1722 1623 plu·-

353 1633 481 1676 rimas
503 1633 605 1677 fecit
627 1634 762 1678 bonas
786 1634 1056 1685 meretrices,
1076 1635 1128 1677 de
1150 1636 1305 1693 quibus
1326 1635 1486 1679 dictum
1508 1643 1573 1678 est
1593 1650 1615 1678 a
1637 1634 1723 1678 Do·

353 1704 472 1747 mino
501 1703 607 1747 Jesu
636 1706 688 1748 ad
719 1705 840 1747 illum
863 1706 1050 1748 electum
1074 1714 1118 1748 et
1140 1706 1347 1749 seniorem
1371 1707 1578 1765 populum
1607 1705 1684 1749 Dei
1708 1721 1719 1748 τ

366 1792 383 1815 α
398 1775 622 1820 Publicani
638 1784 680 1819 et
691 1776 936 1819 meretrices
951 1778 1199 1834 praecedunt
1213 1791 1287 1820 vos
1304 1777 1345 1819 in
1362 1792 1539 1836 regnum
1559 1775 1679 1820 Dei‘.
1695 1794 1712 1815 n

351 1881 353 1883 .
413 1845 589 1892 LXXV.
610 1846 723 1905 Ergo
744 1846 947 1904 quoniam
965 1855 1053 1890 tam
1069 1847 1388 1890 misericordem
1409 1848 1616 1891 habemus
1635 1846 1724 1890 Do*-

354 1921 519 1963 minum
534 1953 546 1970 ,
578 1919 651 1977 qui
672 1919 800 1962 etiam
822 1918 939 1977 gravi
968 1918 1160 1976 ignoscat
1188 1919 1350 1970 errori,
1380 1927 1681 1962 convertamur
1701 1933 1723 1962 a

352 1990 483 2040 vitiis,
517 2004 604 2033 non
636 1990 887 2032 recedamus
915 2004 939 2031 a
966 1990 1082 2047 lege,
1111 1998 1372 2048 praeceptum
1404 1988 1723 2047 Domini-quasi

355 2061 511 2105 servuli
530 2060 686 2104 sedulis
708 2059 856 2102 studiis
883 2075 1156 2117 exequamur.
1183 2059 1300 2114 Quid
1320 2059 1446 2104 nobis
1465 2075 1565 2104 cum
1589 2060 1725 2119 impu-

356 2131 553 2176 ritatibus
574 2140 618 2175 et
634 2130 941 2190 impudicitiis?
957 2131 1074 2184 Quid
1095 2146 1195 2174 cum
1218 2131 1419 2190 operibus
1435 2130 1622 2174 diaboli?
1642 2129 1726 2174 Au-

355 2203 453 2247 disti
476 2202 603 2246 hodie
631 2202 676 2245 in
703 2201 888 2246 lectione
917 2201 1091 2245 decursa
1115 2202 1220 2259 quid
1238 2201 1348 2260 legio
1378 2201 1555 2245 dixerit:
1571 2218 1588 2240 α
1608 2200 1726 2254 Quid

355 2291 372 2313 ι
385 2274 491 2317 mihi
512 2282 556 2317 et
569 2273 647 2317 tibi
667 2281 739 2323 est,
760 2272 864 2316 Jesu
878 2273 959 2317 Fili
976 2273 1075 2316 Dei⁵
1088 2275 1108 2316 Ρ
1122 2292 1138 2313 ι»
1152 2273 1204 2316 Et
1225 2281 1270 2316 tu
1283 2272 1430 2323 dicito,
1443 2272 1476 2316 si
1491 2274 1600 2316 forte
1609 2272 1726 2315 vides

359 2360 549 2404 pugnare
578 2347 803 2388 adversum
827 2353 870 2388 te
899 2345 1056 2388 diaboli
1084 2353 1380 2388 tentamenta:
1412 2343 1529 2397 Quid
1548 2342 1663 2386 ,mihi
1683 2350 1728 2386 et

358 2415 436 2457 tibi
457 2423 521 2457 est
541 2415 706 2458 Belial?
726 2415 815 2475 Ego
845 2415 1003 2459 Christi
1029 2431 1175 2460 servus
1197 2430 1316 2465 sum,
1339 2414 1450 2458 illius
1480 2415 1726 2471 redemptus

362 2484 587 2543 sanguine,
610 2484 670 2528 illi
691 2500 760 2528 me
782 2494 920 2529 totum
931 2474 1184 2546 mancipavi.
1214 2486 1331 2539 Quid
1351 2484 1458 2529 mihi
1477 2492 1521 2528 et
1535 2484 1614 2528 tibi
1633 2482 1728 2527 est?

406 2595 416 2609 ¹
439 2585 517 2618 Isa'i.
531 2595 615 2618 xxm
633 2609 640 2622 ‚
661 2587 712 2618 ¹6.
733 2604 775 2612 —-—
798 2596 811 2610 ⁵·
830 2588 907 2621 Luc.
936 2598 984 2622 vn
1001 2612 1010 2628 ,
1025 2588 1077 2621 32·
1105 2606 1147 2614 -
1166 2590 1181 2613 ³
1203 2576 1287 2623 Psal.
1313 2597 1393 2626 xcv,
1421 2598 1451 2620 ι.
1482 2602 1524 2612 —·
1556 2587 1568 2612 ὅ
1593 2585 1718 2620 Matth.

360 2651 414 2672 ni
428 2663 437 2677 ,
460 2641 514 2672 51.
537 2658 577 2664 --
593 2641 605 2662 ⁵
624 2640 701 2678 Luc.
717 2651 790 2679 vm,
811 2641 864 2681 28,
