1780 3120
427 221 481 249 nn
511 220 620 249 nono
652 213 818 248 nosris.
856 219 978 248 mmm
1011 220 1127 249 unus.
1406 206 1461 267 57

100 298 243 357 quiem
267 312 406 347 suam,
436 305 481 341 et
509 297 564 341 sit
593 297 754 348 libera,
786 311 882 356 quae
909 296 943 341 si
973 296 1042 356 pia
1068 305 1149 348 est,
1173 311 1272 340 cum
1297 297 1468 343 Christo

99 369 239 414 futura
257 367 341 411 sit?

159 439 236 482 IX.
271 438 387 492 Quid
407 438 536 497 igitur
563 439 607 481 in
636 438 719 482 hac
745 437 831 481 vita
854 437 970 483 aliud
995 437 1099 496 justi
1127 447 1286 497 agunt,
1309 439 1390 482 nisi
1418 447 1469 483 ut

99 509 256 552 eit-ant
275 524 320 551 se
339 508 469 566 hujus
490 509 680 568 corporis
695 507 1036 567 contagionibus,
1052 523 1147 566 quae
1162 510 1278 551 velut
1292 510 1464 551 vincula

100 587 178 623 no's
201 579 356 637 lignun
375 588 419 623 et
434 595 480 622 se
502 580 554 622 ab
576 579 643 622 his
658 579 862 622 molestiis
880 575 1077 638 separare
1094 581 1356 622 contendant
1368 612 1380 628 ,
1399 595 1468 622 re·

99 650 297 694 nuntient
310 650 597 709 voluptatibus
614 650 699 693 suis
720 658 848 708 atque
867 649 1061 698 luxuriae,
1088 649 1252 708 fugiant
1272 649 1466 692 flammas

99 718 361 762 libidinum?
382 719 532 763 Nonne
553 720 682 778 igitur
706 719 999 778 unusquisque
1021 719 1066 761 in
1093 718 1174 762 hac
1200 719 1283 762 vita
1295 720 1467 785 positus

102 790 287 849 speciem
306 790 455 833 mortis
470 790 676 840 imitatur,
695 790 769 848 qui
789 797 929 849 potest
946 789 1002 832 ita
1020 804 1064 831 se
1080 804 1226 847 agere3
1248 798 1296 832 ut
1312 789 1351 831 ei
1371 803 1468 831 mo-

102 859 265 903 n‘autur
282 876 430 904 omnes
446 860 635 920 corporis
654 860 974 908 delectationes,
992 867 1037 902 et
1055 859 1361 918 cupiditatibus
1377 873 1468 901 om·

102 930 258 979 nibus,
289 930 523 987 mundique
546 929 759 972 illecebris
789 930 919 972 etiam
948 929 1038 987 ipse
1066 929 1276 972 moriatur
1294 961 1307 978 ,
1342 927 1470 971 sicuti

101 1007 297 1043 mortuus
316 993 406 1042 erat
418 1000 574 1043 Paulus
591 999 738 1042 dicens
756 1014 767 1041 ε
782 1016 800 1038 ι
815 998 917 1043 Mihi
934 999 1119 1041 mundus
1136 997 1366 1041 crucifixus
1386 1007 1470 1048 est,

103 1077 177 1113 ret
187 1084 267 1128 ego
281 1069 465 1112 mundo’
481 1069 502 1112 Ρ
513 1088 531 1109 ι
541 1068 737 1127 Denique
748 1076 798 1111 ut
809 1068 993 1111 sciamus
1006 1067 1105 1125 quia
1116 1076 1182 1110 est
1197 1082 1314 1110 mors
1327 1064 1371 1109 ii]
1389 1067 1472 1111 hac

102 1140 204 1190 vita,
226 1148 271 1184 et
290 1141 402 1183 bona
422 1155 554 1190 mors,
581 1139 780 1182 hortatur
799 1153 893 1188 nosr,
917 1145 966 1181 ut
980 1145 1164 1180 mortem
1178 1137 1284 1180 Jesu
1305 1137 1349 1179 in
1372 1151 1473 1179 cor-

70 1231 81 1237 ·
104 1207 209 1269 pore
224 1219 371 1253 nostro
387 1209 738 1253 circumferamus
747 1208 780 1252 ².
801 1208 888 1262 Qui
904 1207 1019 1251 enim
1034 1207 1234 1250 habuerit
1249 1207 1291 1249 in
1304 1222 1349 1249 se
1363 1221 1476 1249 mor-

105 1288 193 1324 tem
215 1281 337 1332 Jesu,
357 1280 393 1323 is
412 1289 458 1323 et
481 1280 610 1327 vitam
622 1279 793 1323 Domini
813 1277 918 1322 «Iesu
932 1278 975 1321 in
996 1292 1175 1336 corpore
1192 1292 1268 1320 suo
1280 1276 1471 1320 habebit.

106 1349 321 1409 operetur
335 1350 463 1409 igitur
483 1365 599 1393 mors
622 1349 665 1392 in
686 1349 836 1399 nobis,
855 1358 905 1392 ut
925 1356 1128 1408 operetur
1155 1356 1199 1391 et
1218 1347 1317 1390 vita.
1350 1348 1472 1390 Bona

106 1418 190 1463 vita
210 1428 305 1478 post
322 1428 521 1469 mortem,
537 1420 621 1463 hoc
636 1428 718 1469 est,
741 1420 855 1462 hona
876 1419 962 1462 vita
982 1427 1079 1477 post
1094 1418 1334 1467 victoriam,
1360 1418 1476 1460 bona

107 1489 193 1533 vita
214 1491 409 1533 absoluto
430 1490 663 1534 certamine
678 1507 692 1540 3
717 1498 765 1532 ut
785 1490 872 1547 jam
888 1490 956 1532 lex
972 1489 1111 1532 carnis
1127 1489 1211 1548 legi
1229 1490 1386 1532 mentis
1407 1504 1479 1532 re·-

108 1576 299 1620 pugnare
316 1576 403 1604 non
423 1561 615 1610 noverim
644 1568 691 1603 ut
706 1560 794 1618 jam
815 1559 939 1602 nobis
962 1560 1078 1602 nulla
1100 1559 1154 1602 sit
1174 1574 1274 1602 cum
1296 1573 1479 1617 corpore

2 1679 4 1691 :
107 1631 261 1674 mortis
279 1630 513 1681 contentio,
531 1629 606 1673 sed
625 1630 679 1673 sit
694 1630 739 1672 in
755 1643 935 1689 corpore
951 1629 1099 1672 mortis
1114 1628 1305 1672 victoria.
1331 1628 1477 1686 Atque

108 1700 225 1745 haud
245 1702 333 1744 seio
355 1701 443 1760 ipse
465 1717 518 1744 an
538 1700 714 1758 majoris
734 1700 902 1743 virtutis
924 1715 1040 1743 mors
1058 1700 1137 1743 ista
1156 1711 1284 1758 quam
1299 1699 1386 1742 vita
1405 1699 1474 1743 sit.

112 1769 241 1835 Certe
261 1770 454 1829 Apostoli
483 1769 933 1824 moveor-auctoritate
955 1770 1136 1813 dicentis
1160 1785 1171 1812 :
1196 1788 1213 1810 ι
1229 1770 1343 1829 Ergo
1362 1785 1480 1813 mors

113 1840 187 1885 nin
210 1841 332 1885 nobis
361 1850 591 1900 operatur,
622 1842 708 1885 vita
734 1850 876 1884 antem
906 1841 950 1884 in
982 1840 1143 1885 vobis³.
1163 1859 1182 1882 ι
1207 1841 1342 1884 Unius
1362 1856 1480 1885 mors

114 1916 369 1969 quantorum
389 1913 647 1971 populorum
673 1911 806 1954 vitam
828 1910 1100 1954 aedificabat?
1119 1911 1268 1968 Itaque
1289 1913 1416 1955 docet
1438 1919 1486 1955 et
1563 1892 1565 1895 ι

114 1980 447 2024 ἰεῑιιιιιιιοτιοω
477 1981 520 2023 in
545 1980 626 2023 hac
658 1980 745 2023 vita
776 1980 924 2039 positis
953 1981 1259 2038 expetendam,
1292 1990 1341 2024 ut
1367 1997 1485 2026 mors

116 2051 274 2095 Christi
302 2052 346 2094 in
373 2066 552 2110 corpore
584 2051 952 2100 nostroeluceat,
981 2058 1026 2093 et
1056 2050 1171 2093 illam
1201 2051 1370 2094 beatam
1398 2066 1484 2109 qua

117 2121 407 2181 corrumpitur
427 2120 627 2170 exterior,
653 2129 703 2164 ut
724 2129 953 2164 renovetur
969 2120 1152 2174 'interior
1170 2121 1300 2164 homo
1320 2129 1483 2172 noster,

117 2200 162 2236 et
189 2192 402 2236 terrestris
431 2193 584 2235 domus
618 2200 763 2236 nostra
797 2193 1079 2241 dissolvatur,
1109 2198 1160 2234 ut
1187 2191 1487 2236 habitaculum

118 2263 243 2307 nobis
263 2264 433 2313 coeleste
462 2272 687 2307 reseretur.
714 2263 912 2306 Imitatur
937 2262 1066 2322 igitur
1084 2270 1269 2305 mortem
1293 2262 1367 2320 qui
1396 2278 1441 2306 se
1462 2277 1488 2306 a

119 2333 422 2376 communione
453 2333 591 2377 carnis
624 2333 755 2392 huius
789 2333 997 2383 abducit,
1034 2341 1161 2391 atque
1193 2332 1273 2375 illis
1305 2333 1487 2376 vinculis

122 2405 268 2453 solvit,
293 2405 347 2447 de
367 2404 522 2462 quihus
541 2404 619 2447 tibi
641 2404 745 2447 dicit
765 2403 974 2446 Dominus
997 2419 1077 2462 per
1099 2403 1298 2446 Esaiam:
1324 2421 1342 2442 ι
1363 2402 1491 2446 Solve

122 2491 142 2515 ι
152 2488 324 2518 omnem
338 2474 674 2533 colligationem’
661 2473 895 2533 injustitiae,
904 2473 1093 2517 dissolve
1107 2473 1387 2532 obligationes
1402 2472 1491 2515 vio-

170 2570 182 2587 ·
201 2562 311 2598 Galat.
324 2574 372 2602 vi,
387 2564 438 2604 ιι.
456 2583 498 2590 -
511 2573 526 2589 ·
546 2576 564 2597 ²
575 2565 656 2599 Cor.
674 2576 720 2608 iv,
742 2575 790 2599 10.
805 2583 847 2590 —
861 2567 877 2589 ³
888 2564 978 2598 ibid.
1000 2574 1050 2598 ιι.
