1780 3120
420 202 474 230 DE
505 200 615 231 toxo
644 202 808 233 HORTIS.
845 206 968 236 unna
999 207 1116 237 UNUS·
1396 213 1452 256 77

13 304 15 307 ·
89 278 187 324 vitae
205 286 271 324 est
285 278 587 323 testimonium.
608 279 714 323 Nam
733 281 767 324 si
787 282 951 326 laudari
979 292 1076 327 ante
1091 285 1352 344 gubernator
1367 302 1455 331 non

90 359 230 410 potest
243 384 255 401 ‚
277 366 404 410 quam
425 350 467 393 in
488 358 658 410 portum
680 366 831 396 navem
854 354 1098 404 deduxerit,
1125 359 1340 414 quomodo
1360 359 1455 402 lau-

26 422 35 468 s
91 421 211 465 dabis
236 420 473 470 hominem,
502 420 619 479 prius
642 437 767 479 quam
794 422 838 466 in
859 423 1088 468 stationem
1117 428 1265 470 mortis
1293 443 1459 472 succes-

91 491 190 535 serit
202 491 222 534 Ρ
235 492 290 535 Et
304 492 393 551 ipse
408 490 472 535 sui
487 501 551 535 est
562 492 835 550 gubernator,
853 502 895 538 et
911 495 1000 553 ipse
1014 495 1109 540 vitae
1124 496 1253 555 hujus
1267 498 1456 556 jactatur

88 562 325 620 profundo,
356 562 546 620 qnandiu
576 563 618 605 in
645 564 734 607 salo
760 564 864 614 isto,
899 566 1047 609 tandiu
1080 567 1191 610 inter
1220 570 1448 628 naufragia.
1494 596 1505 603 —

3 646 11 653 ν
87 631 185 675 Dux
205 631 295 691 ipse
314 632 393 674 nisi
417 632 613 675 consecto
629 633 772 692 praelio
789 648 875 676 non
897 635 1026 678 sumit
1040 637 1253 688 lauream,
1274 654 1352 682 nec
1371 640 1455 683 mi-

7 1440 20 1470 ,ην
0 1212 20 1403 25¹1&prqu

19 723 24 729 «
86 702 149 746 les
164 717 280 746 arma
302 702 491 761 deponit,
514 718 593 745 nec
612 703 808 761 stipendii
823 705 1068 748 mercedem
1087 707 1351 765 adipiscitur,
1370 710 1451 753 nisi

87 770 210 815 hoste
248 781 461 832 superato.
511 773 624 816 Mors
668 774 796 832 igitur
837 776 1145 834 stipendiorum
1189 779 1412 837 plenitudo
1438 813 1451 830 ,

86 857 252 887 summa
275 843 499 891 mercedis,
519 844 657 900 gratia
674 844 884 886 missionis
898 855 963 887 est
987 846 1097 903 (13).

145 912 351 957 XXXVI.
389 912 609 965 Quantum
627 920 769 955 autem
785 913 915 956 morti
935 914 1052 957 dedit
1070 923 1240 959 sanctus
1259 916 1360 968 Job,
1379 919 1454 976 qui

86 983 218 1026 dixit:
250 999 267 1022 ι
292 982 540 1026 Benedictio
569 982 765 1025 morituri
795 983 839 1025 in
874 997 944 1026 me
969 985 1135 1028 veniat¹
1157 986 1176 1028 i'
1199 1005 1217 1027 »
1242 987 1350 1030 Nam
1373 990 1452 1033 etsi

84 1054 201 1097 Isaac
216 1053 483 1097 benedixerit
502 1052 611 1096 filios
627 1069 726 1097 snos
746 1054 945 1105 moriens,
971 1063 1015 1098 et
1029 1055 1165 1100 Jacob
1187 1057 1452 1102 benedixerit

81 1124 347 1168 patriarchas
358 1156 371 1173 ‚
388 1132 532 1167 tamen
548 1124 863 1168 benedictionis
878 1125 990 1168 illius
1004 1126 1138 1184 gratia
1161 1135 1326 1184 poterat
1349 1130 1448 1172 solis

83 1194 428 1239 benedicentium
454 1194 615 1237 meritis
639 1195 859 1253 deputari,
882 1197 948 1239 vel
978 1195 1121 1254 pietati
1146 1205 1343 1255 paternae.
1369 1198 1448 1242 Hic

82 1279 184 1308 vero
205 1266 320 1308 nulla
337 1265 611 1324 praerogativa
632 1265 882 1308 meritorum
907 1273 970 1308 est
984 1299 997 1315 ,
1024 1268 1138 1309 nulla
1160 1268 1326 1325 pietatis
1341 1302 1351 1318 ‚
1374 1271 1450 1311 sed

83 1334 214 1378 solius
232 1335 382 1378 mortis
395 1334 686 1394 privileginm;
704 1350 804 1378 cum
820 1336 1064 1380 benedictio
1085 1337 1294 1396 cujusque
1314 1340 1448 1382 mori-

0 1418 19 1463 ῇ(
85 1405 170 1449 turi
189 1413 357 1448 tantum
371 1405 538 1448 virtutis
564 1406 743 1456 habeat,
766 1415 815 1449 ut
836 1422 930 1450 eam
951 1408 1031 1450 sibi
1052 1417 1223 1451 sanctus
1237 1410 1448 1468 Propheta

0 1470 30 1530 ἐξ.
85 1476 306 1534 optaverit.
328 1476 392 1519 Ac
414 1492 491 1534 per
509 1476 593 1519 hoc
610 1477 846 1535 cogitemus
861 1492 1028 1536 semper
1042 1478 1158 1521 hunc
1172 1480 1447 1531 versiculum,

0 1571 25 1600 ;
47 1585 51 1588 .
86 1555 154 1590 etc
168 1546 273 1590 orde
296 1555 531 1591 teneamus.

9 1606 18 1627 Ξ,

143 1616 369 1661 XXXVII.
405 1617 450 1660 Si
478 1633 606 1675 quem
636 1617 864 1660 viderimus
892 1608 1123 1677 pauperem
1154 1620 1409 1663 moriturum
1432 1654 1446 1670 ,

85 1679 258 1746 sumptu
279 1687 474 1745 juvemus
485 1705 499 1736 ;
522 1696 565 1730 et
580 1688 696 1731 dicat
711 1687 999 1746 unusquisque
1020 1698 1212 1732 nostrum
1233 1706 1243 1731 :
1277 1708 1294 1729 ι
1315 1691 1450 1733 Bene-

0 1759 26 1822 Ξ
84 1760 247 1803 »dictio
265 1759 461 1803 morituri
483 1759 531 1806 in
550 1774 621 1802 me
646 1759 799 1802 veniat.
821 1778 848 1805 ι,
864 1759 909 1802 Si
929 1774 1057 1816 quem
1078 1760 1309 1803 viderimus
1327 1760 1449 1804 debi—

0 1828 34 1886 {ss
85 1830 195 1879 lem,
218 1844 306 1873 non
335 1831 577 1872 deseramus
594 1845 608 1870 :
630 1828 664 1871 si
686 1844 814 1886 quem
836 1829 879 1872 in
902 1829 1101 1872 extremis
1123 1830 1311 1888 positum
1327 1864 1339 1880 ,
1362 1847 1450 1875 non

2 1888 25 1952 'VJ
86 1900 399 1958 relinquamus:
422 1907 623 1942 occurrat
646 1907 689 1942 et
712 1899 835 1942 nobis
850 1899 1024 1942 dicere:
1054 1917 1071 1939 «
1091 1899 1339 1943 Benedictio
1354 1915 1449 1943 mo·-

87 1989 107 2012 ι
118 1971 239 2014 rituri
253 1970 297 2013 in
311 1986 382 2014 me
397 1970 548 2014 veniat.
565 1989 582 2010 ι
592 1969 757 2013 Laudet
771 1978 814 2012 et
834 1977 876 2012 te
890 1970 1182 2027 unusquisque
1198 1970 1447 2021 moriturus,

15 2080 17 2082 ,
86 2042 377 2099 unusquisque
393 2039 609 2098 depositus
618 2055 723 2088 aevo,
739 2039 1027 2097 unusquisque
1037 2039 1258 2083 consectus
1270 2041 1448 2084 vulnero

15 2156 19 2162 2
87 2111 223 2169 gravi,
240 2110 530 2168 unusquisque
549 2109 700 2152 morbo
717 2109 982 2168 absumptus,
1003 2118 1047 2152 et
1064 2109 1152 2167 jam
1171 2110 1298 2153 morti
1313 2110 1451 2170 proxi-

13 2193 17 2195 ·
86 2196 194 2223 mus.
208 2179 525 2223 Hicversiculus
536 2194 647 2237 quan
653 2187 715 2222 tos
723 2179 920 2222 benedici
932 2179 1033 2223 fecit
1042 2179 1062 2222 Ρ
1071 2180 1167 2232 Quo
1174 2180 1249 2223 ties
1257 2180 1360 2223 mihi
1370 2196 1449 2239 pu-

88 2251 236 2294 dorem
248 2250 436 2300 incussit,
453 2250 487 2292 si
502 2250 755 2292 moriturum
772 2250 973 2308 praeterii,
989 2250 1023 2293 si
1041 2265 1127 2293 non
1137 2251 1297 2294 visitavi
1308 2252 1449 2309 gravi-

87 2329 154 2363 ter
172 2335 331 2379 mgrum
345 2353 359 2370 ‚
381 2321 414 2363 si
435 2320 615 2363 fastidivi
636 2320 807 2378 inopem
822 2354 836 2371 ‚
857 2320 890 2364 si
912 2321 1127 2379 captivum
1149 2336 1238 2364 non
1257 2322 1443 2373 redemi,

15 2418 20 2422 «
49 2441 56 2451 -.
88 2391 123 2433 si
147 2405 292 2435 senem
315 2391 483 2450 sprevi?
505 2391 569 2435 Sit
588 2406 690 2449 ergo
712 2390 756 2433 in
778 2392 908 2434 corde
932 2391 977 2435 id
995 2406 1185 2450 semper,
1208 2400 1257 2435 ut
1277 2391 1450 2437 simulet

89 2460 296 2512 duriores,
318 2470 367 2505 ut
388 2463 615 2505 admoneat
628 2461 922 2520 promptiores.
943 2461 1161 2507 Resonent
1174 2470 1216 2506 te
1234 2470 1449 2522 postrema

135 2560 145 2576 ¹
163 2553 243 2586 Jub.
260 2564 357 2594 xxix,
376 2553 426 2586 ⁸3.
