1780 3120
352 229 434 271 280
896 235 926 262 s.
967 233 1156 264 manosn

352 326 514 361 verunt.
542 313 689 369 Merito
710 327 810 371 ergo
840 311 995 355 mulier
1017 311 1092 353 ubi
1115 311 1250 369 culpae
1271 309 1439 369 agnovit
1461 307 1706 371 auctorem,

349 389 601 444 interrogata
625 382 841 442 respondit
871 399 914 423 εκ
936 381 1118 439 Serpens
1137 380 1346 439 persuasit
1367 380 1495 432 mihi,
1523 390 1567 426 et
1586 398 1708 427 man-

350 478 364 499 »
379 456 528 501 ducavi
543 455 574 499 ¹.
598 455 809 513 »Serpens
837 453 976 512 gulam
993 452 1163 501 suadet,
1186 451 1394 494 Dominus
1413 451 1606 510 jejunare
1631 454 1708 496 de-

347 528 496 572 cernit.
524 526 717 584 Denique
746 525 835 584 ipse
856 523 912 567 ait
937 538 980 566 :a
1003 522 1203 580 Jejunate
1234 529 1277 565 et
1297 529 1439 572 orate,
1469 538 1524 566 ne
1544 523 1708 568 intretis

345 618 361 638 n
376 599 418 642 in
446 597 724 642 tentationem
735 595 765 640 ².
780 614 796 636 n
810 596 956 653 Itaque
978 595 1074 653 gula
1091 594 1144 649 de
1160 591 1355 652 paradiso
1367 602 1614 652 regnantem
1633 609 1709 638 ex-

346 669 475 729 pulit,
493 667 747 711 abstinentia
765 669 818 710 ad
842 665 1085 725 paradisum
1103 663 1316 707 revocavit
1336 672 1562 708 errantem.

406 731 519 783 vm.
546 740 598 782 Et
619 739 724 782 dixit
743 738 857 781 Deus
876 753 917 780 z«
938 736 1046 780 Ecce
1068 735 1203 779 Adam
1226 735 1362 780 sactus
1383 745 1446 781 est
1461 737 1580 795 quasi
1597 753 1709 782 unus

346 831 362 851 ›»
376 827 426 855 ex
442 811 563 853 nobis
577 809 607 852 ³.
640 808 853 851 »Irridens
878 808 1026 865 utique
1044 807 1182 857 Deus,
1208 821 1294 850 non
1319 807 1557 868 approbans
1579 807 1706 859 dicit,

346 883 427 925 hoc
459 889 522 923 cst
548 896 558 922 z
586 879 769 924 Putabas
795 887 840 922 te
873 878 1054 922 similem
1083 878 1174 921 fore
1201 878 1334 922 nostri
1366 893 1378 921 ε
1408 878 1488 923 sed
1513 879 1612 938 quia
1640 894 1711 923 vo-

345 951 459 996 luisti
484 966 573 994 esse
595 951 710 1008 quod
731 965 817 993 non
839 965 931 993 eras
948 984 958 1000 ‚
992 949 1185 993 destitisti
1210 965 1301 993 esse
1327 951 1443 1008 quod
1457 965 1551 994 eras
1565 948 1711 995 z‘intra

348 1031 390 1066 te
405 1038 498 1066 eras
509 1055 519 1072 ,
542 1029 585 1064 et
600 1023 703 1064 dum
720 1036 848 1080 supra
865 1029 907 1064 te
923 1036 1014 1064 esse
1031 1019 1219 1071 affectas,
1239 1020 1347 1064 infra
1364 1029 1406 1064 te
1420 1036 1512 1064 esse
1528 1020 1706 1080 coepisti.

346 1093 539 1151 Denique
575 1091 741 1135 vestivit
770 1106 869 1134 eum
895 1091 1040 1134 tunica
1066 1087 1242 1150 Pellicca
1268 1091 1410 1150 prius,
1445 1099 1487 1136 et
1516 1091 1576 1136 sic
1608 1093 1665 1136 ait
1698 1107 1710 1135 ε

360 1181 376 1203 a
398 1163 512 1206 Ecce
534 1161 695 1212 Adam,
722 1162 870 1219 »quasi
897 1162 1010 1206 dicat
1037 1177 1081 1205 τι(
1112 1162 1225 1206 Ecce
1255 1161 1435 1206 amictus
1460 1170 1584 1214 tuus,
1612 1177 1715 1206 ecce

350 1235 523 1294 dignum
556 1234 855 1276 indumentum
885 1241 1035 1283 tuum,
1069 1232 1140 1276 hic
1171 1240 1214 1276 t‘e
1234 1232 1409 1277 vestitus
1435 1233 1573 1277 decet.
1596 1232 1715 1286 »Qui

352 1306 490 1350 divina
519 1305 738 1355 affectant,
764 1305 837 1348 tali
861 1304 975 1363 digni
995 1303 1210 1348 habentur
1228 1312 1394 1348 ornatu.
1421 1303 1535 1348 Ecce
1560 1319 1646 1364 quo
1671 1311 1714 1349 te

322 1384 335 1391 “
351 1385 423 1419 tua
448 1377 571 1434 culpa
599 1375 795 1425 deduxit,
819 1390 921 1418 ecce
942 1389 1058 1417 nunc
1079 1374 1123 1417 in
1150 1373 1230 1418 hac
1256 1373 1399 1418 tunica
1419 1374 1596 1433 pellicea
1617 1382 1718 1418 tan-

351 1463 476 1506 quam
502 1462 613 1490 unus
643 1462 694 1489 ex
728 1446 850 1489 nobis
876 1446 1076 1505 aperuisti
1106 1446 1265 1490 oculos.
1301 1444 1593 1505 Circumspice
1622 1444 1719 1490 dili-

351 1527 519 1578 genter,
539 1520 702 1561 nudum
718 1526 761 1560 te
783 1517 934 1577 aspicis
948 1550 958 1568 ,
979 1533 1108 1576 quem
1127 1517 1328 1566 vestitum
1349 1517 1541 1577 putabas.

411 1588 485 1632 ΙΧ.
515 1587 623 1631 Gula
645 1603 744 1646 ergo
766 1589 904 1631 nudos
919 1587 1044 1639 facit,
1069 1588 1231 1647 jejunia
1256 1587 1456 1647 operiunt
1470 1587 1599 1631 etiam
1614 1602 1720 1632 exu-

354 1667 432 1702 tos.
456 1659 576 1701 Unde
589 1658 724 1701 David
741 1658 818 1701 ait:
836 1676 852 1698 a
873 1659 1034 1718 Operui
1051 1659 1094 1702 in
1109 1659 1273 1717 jejunio
1290 1659 1474 1702 animam
1490 1658 1672 1703 meam‘.
1693 1676 1710 1700 a

356 1730 523 1772 Bonum
544 1729 855 1787 operimentum
868 1763 879 1779 ,
902 1731 1018 1788 quod
1037 1730 1222 1773 animam
1244 1730 1370 1789 tegit,
1390 1745 1445 1774 ne
1468 1745 1491 1774 a
1511 1737 1722 1775 tentatore

359 1801 725 1859 deprehendatur,
750 1817 805 1844 ne
828 1817 850 1844 a
874 1810 1085 1846 tentatore
1110 1803 1309 1847 nudetur.
1338 1802 1508 1846 Bonum
1528 1803 1724 1846 velamen

359 1873 473 1929 quod
503 1871 604 1930 tegit
628 1873 796 1930 culpam
813 1905 825 1922 ,
851 1873 956 1932 tegit
977 1873 1230 1916 abstinentia
1246 1905 1257 1922 ,
1285 1872 1390 1931 tegit
1410 1872 1556 1931 gratia.
1574 1871 1723 1917 «Beati

357 1959 372 1980 2
387 1941 499 1985 enim
527 1957 709 2000 quorum
730 1942 913 1986 remissae
940 1952 1037 1987 sunt
1063 1936 1326 2002 iniquitates,
1346 1952 1388 1987 et
1403 1959 1588 2002 quorum
1610 1950 1724 1987 tecta

360 2032 376 2051 »
390 2020 488 2055 sunt
503 2012 743 2071 peccata⁵.»
756 2012 878 2072 Tegit
892 2015 1041 2072 gratia,
1055 2016 1158 2058 dum
1173 2014 1366 2065 remittit,
1379 2022 1423 2058 et
1437 2029 1610 2058 omnem
1626 2013 1726 2058 abo-

359 2085 418 2125 let
439 2098 628 2125 errorem
651 2098 660 2125 :
686 2083 791 2141 tegit
812 2084 1089 2135 abstinentia,
1111 2086 1214 2128 dum
1237 2086 1465 2129 obumbrat
1486 2085 1659 2134 vitium,
1683 2093 1726 2129 et

362 2161 511 2196 moesto
541 2153 762 2198 abscondit
781 2154 959 2205 affectu,
979 2164 1104 2214 atque
1125 2164 1324 2200 extenuat
1347 2156 1607 2216 poenitendo.
1633 2155 1728 2201 Ete-

363 2223 449 2267 nim
471 2224 681 2282 jejunium
695 2257 706 2274 ‚
734 2233 777 2268 et
792 2227 1061 2285 eleemosyna
1087 2243 1109 2270 a
1129 2236 1306 2286 peccato
1326 2227 1521 2271 liberant.
1543 2226 1727 2287 Opertus

362 2303 452 2337 erat
473 2295 608 2338 Adam
623 2296 828 2340 virtutum
847 2298 1056 2342 velamine
1069 2298 1187 2357 prius
1208 2313 1335 2358 quam
1351 2297 1701 2359 praevaricaretur
1713 2330 1725 2348 ,

363 2365 438 2407 sed
457 2373 657 2424 tanquam
679 2376 830 2412 exutus
849 2368 1219 2428 praevaricatione,
1238 2369 1345 2414 vidit
1367 2385 1412 2413 se
1428 2381 1519 2413 esse
1533 2369 1701 2413 nudum
1712 2384 1725 2419 ;

365 2434 461 2494 quia
479 2435 775 2481 indumentum
791 2441 908 2498 quod
924 2439 1125 2492 habehat,
1150 2440 1361 2485 amiserat.
1387 2438 1437 2484 In
1451 2439 1600 2484 diebus
1614 2437 1729 2483 enim

416 2549 423 2563 ¹
455 2541 540 2573 Gen.
570 2551 619 2579 ιιι,
646 2541 693 2574 15.
719 2560 759 2568 -
784 2553 796 2568 ¹
822 2543 943 2579 Matth.
973 2556 1068 2586 xxvi,
1093 2545 1150 2587 4¹·
1175 2564 1216 2572 —
1240 2546 1258 2573 ³
1285 2545 1374 2583 Gen·
1397 2555 1451 2586 ΠΙ,
1474 2554 1528 2579 ²²·
1553 2562 1594 2570 ’·“
1614 2541 1726 2579 ⁴9⁹¹·

368 2605 463 2629 txvm
479 2619 487 2633 ,
509 2605 557 2631 ιι,
585 2614 625 2621 —-
643 2597 727 2631 ⁵1d.
752 2609 839 2637 xxxv,
862 2610 889 2633 ι.
1156 2598 1162 2603 ’
