1780 3120
291 247 376 296 440
810 281 814 283 ,
837 254 867 280 s.
908 250 1098 280 annnosu

289 335 397 379 facie
425 334 476 376 ad
502 332 653 375 faciem
673 331 812 374 Deum
835 331 997 373 videret
1010 346 1021 378 3
1050 343 1128 371 nec
1150 329 1289 371 solum
1311 326 1652 386 peregrinaretur

290 422 312 448 a
335 419 512 463 corpore
527 437 538 454 ,
566 404 640 445 sed
664 417 841 461 corpore
863 402 1111 443 solveretur.
1139 399 1323 443 Dissolvi
1345 398 1458 443 enim
1482 406 1527 442 et
1553 412 1652 454 evum,

289 475 457 518 Christo
479 489 569 516 esse
586 474 721 515 multo
742 471 919 520 melius;
940 470 1037 528 quia
1053 469 1165 527 justo
1187 469 1297 512 mori
1311 477 1375 513 cst
1395 470 1578 512 lucrum,
1599 466 1654 510 Et

287 546 446 603 grande
472 543 644 601 quidem
666 545 834 587 lucrum
852 556 996 585 carere
1019 548 1219 599 peccato,
1243 540 1498 583 delictorum
1515 539 1654 583 illece-
1672 559 1677 567 ν’

287 615 375 658 bris
394 630 479 657 non
495 614 670 657 moveri.
694 612 799 665 Quis
821 612 934 655 enim
956 612 1144 653 mundus
1164 626 1184 653 a
1209 611 1332 653 sorde
1347 642 1358 660 ‚
1381 610 1553 667 quando
1574 623 1655 652 nec

287 688 412 730 unius
436 687 518 730 diei
543 686 626 729 wita
647 685 831 728 hominis
854 685 897 727 in
926 692 1038 726 terra
1070 691 1187 726 caret
1217 682 1475 726 delictorum
1505 689 1656 725 conta-

288 759 410 818 gione
431 758 449 799 P
483 757 672 800 vivendo
712 771 812 814 crgo
854 757 1007 798 damna
1050 754 1340 798 contrahimus
1373 752 1626 796 innocentiae
1643 785 1655 802 ,

290 837 427 871 morte
448 826 575 869 finem
599 826 754 869 erroris
777 826 1067 884 adipiscimur.
1096 825 1284 868 Lucrum
1306 840 1406 884 ergo
1431 831 1570 867 morte
1586 838 1660 867 ae-

294 898 490 956 quiritur,
509 896 603 939 vitae
621 905 765 939 autem
781 913 859 939 usu
877 905 1079 954 tanquam
1097 896 1261 939 miseris
1284 895 1548 939 debitoribus
1564 910 1661 938 usu-

293 970 392 1012 rarii
426 967 607 1010 nominis
650 969 703 1010 ad
734 977 901 1011 reatum
938 967 1076 1010 soenus
1115 975 1303 1025 augetur.
1348 967 1401 1010 Et
1430 965 1541 1009 bene
1577 964 1662 1009 sitit

293 1040 454 1089 anima,
475 1055 567 1097 quae
591 1038 760 1082 festinat
782 1041 835 1082 ad
855 1039 1017 1082 sontem
1032 1072 1042 1088 ‚
1062 1053 1146 1081 non
1165 1054 1282 1096 aquae
1303 1037 1446 1087 istius,
1469 1035 1544 1080 sed
1569 1036 1663 1080 vitaz

291 1109 533 1159 aetcrnae‚de
543 1125 627 1167 quo
642 1125 767 1168 supra
781 1109 886 1153 dixit
907 1126 916 1151 :
933 1109 1175 1162 «Quoniam
1189 1110 1301 1168 apud
1314 1118 1356 1154 te
1370 1116 1433 1163 est
1445 1108 1540 1153 fons
1551 1109 1662 1158 vitae,

292 1200 307 1221 »
323 1189 364 1223 ct
396 1181 437 1223 in
455 1180 615 1223 lumine
636 1188 709 1223 tuo
731 1180 971 1224 videbimus
988 1180 1177 1224 lumen‘.
1201 1181 1380 1226 »Merito
1404 1198 1507 1243 ergo
1530 1181 1666 1227 David

240 1300 244 1304 ,
293 1253 548 1311 properabat
561 1252 780 1310 pervenire
789 1260 832 1296 et
845 1268 1046 1311 apparere
1057 1260 1154 1296 ante
1165 1253 1315 1297 faciem
1325 1254 1420 1305 Dei,
1437 1255 1668 1313 cujusvul-

296 1332 363 1366 tus
376 1324 518 1366 lumen
532 1332 610 1373 est3
621 1323 718 1381 quia
730 1338 895 1373 omnes,
909 1338 1014 1381 quos
1026 1324 1234 1366 Dominus
1243 1333 1423 1383 spectat,
1436 1325 1662 1369 illuminat.

356 1393 389 1436 V
394 1394 444 1436 II.
495 1394 717 1437 «Fuerunt
736 1395 938 1452 lacrymae
959 1409 1064 1437 meae
1086 1394 1191 1437 mihi
1211 1410 1342 1453 panes
1359 1395 1428 1438 die
1450 1410 1499 1438 ac
1522 1403 1666 1444 nocte,

299 1465 431 1506 »dum
450 1463 605 1506 dicitur
621 1463 726 1506 mihi
743 1464 958 1521 quotidie:
981 1463 1061 1507 Ubi
1077 1473 1141 1507 est
1156 1465 1270 1507 Deus
1287 1464 1671 1509 tuus²?»1bibene

297 1536 495 1592 lacrymae
518 1551 648 1594 panes
671 1544 785 1585 sunt,
799 1536 874 1578 ubi
897 1535 1083 1578 esuritur
1102 1535 1278 1594 justitia.
1298 1536 1442 1580 «Beati
1462 1535 1578 1579 enim
1599 1536 1672 1595 qui

300 1625 315 1643 »
336 1605 527 1648 esuriunt
539 1614 581 1648 et
605 1605 985 1664 sitiuntjustitiam,
1003 1606 1206 1663 quoniam
1218 1607 1296 1665 ipsi
1310 1607 1627 1650 saturabuntur.
1646 1603 1676 1647 η’

301 1676 409 1719 Sunt
443 1676 570 1735 igitur
599 1679 799 1735 lacrymae
833 1692 927 1734 quae
958 1692 1088 1735 panes
1111 1685 1234 1727 sunt,
1258 1685 1302 1720 et
1321 1677 1579 1721 confirmant
1601 1692 1676 1721 cor

302 1747 499 1792 hominis.
527 1746 607 1790 Cui
633 1747 907 1805 disputationi
928 1748 1056 1790 etiam
1079 1747 1186 1790 illud
1204 1748 1543 1791 ecclesiasticum
1569 1763 1676 1792 con-

302 1819 417 1862 venit
439 1819 601 1862 dictum
622 1834 631 1860 :
649 1818 796 1862 «Mitte
828 1834 983 1877 panem
1006 1827 1129 1861 tuum
1159 1827 1256 1862 ante
1284 1819 1437 1862 faciem
1466 1818 1666 1878 aquae³;»

304 1891 401 1947 quia
433 1890 492 1933 ibi
522 1890 642 1948 panis
675 1890 881 1939 coelestis,
916 1890 990 1933 ubi
1021 1905 1128 1948 aqua
1146 1890 1290 1948 gratiae
1300 1907 1313 1940 3
1336 1890 1540 1948 quoniam
1561 1897 1681 1933 recte

308 1960 523 2019 accipiunt
552 1960 831 2003 substantiam
853 1959 1000 2009 Verbi,
1028 1968 1071 2002 et
1096 1959 1286 2018 mysticae
1308 1958 1482 2003 rationis
1505 1959 1682 2003 alimen-

311 2040 417 2081 tum,
444 2031 597 2089 quibus
619 2031 796 2074 flumina
819 2045 936 2089 aquae
958 2030 1052 2073 vitae
1070 2031 1127 2073 de
1148 2038 1296 2073 ventre
1315 2031 1531 2083 labuntur.
1554 2029 1683 2075 Simi-

318 2101 416 2143 liter
438 2117 607 2159 quoque
628 2101 686 2144 ibi
705 2101 828 2160 panis
847 2101 919 2144 hic
935 2100 1071 2150 vivus,
1094 2100 1168 2142 ubi
1190 2115 1300 2158 aqua
1320 2102 1623 2159 lacrymarum,
1642 2107 1685 2143 et

315 2171 441 2214 fletus
463 2181 526 2215 est
538 2172 809 2231 poenitentiae.
824 2172 894 2215 Sic
905 2171 1243 2229 enimrscriptum
1259 2179 1322 2214 est
1340 2186 1351 2213 ε
1368 2188 1384 2210 α
1399 2171 1449 2213 In
1463 2169 1565 2214 fletu
1578 2169 1685 2213 exie-

316 2261 331 2282 »
346 2251 459 2291 runt,
473 2251 515 2285 et
526 2242 568 2285 in
583 2243 871 2286 consolatione
883 2242 1092 2286 revocabo
1103 2241 1211 2284 eos&
1232 2260 1248 2282 »
1260 2241 1381 2285 Beati
1391 2256 1492 2300 ergo
1502 2256 1685 2299 quorum

319 2315 521 2370 lacrymae
535 2329 682 2371 panes,
705 2313 778 2371 qui
794 2314 932 2357 ridere
942 2321 1213 2363 meruerunt3
1232 2312 1330 2371 quia
1348 2311 1544 2370 beatiqui
1556 2310 1679 2355 fletis.

363 2383 489 2428 ,VIIL
539 2385 735 2427 «Horum
751 2400 933 2435 memor,
952 2384 1107 2443 inquit,
1125 2383 1256 2439 effudi
1273 2399 1400 2442 super
1411 2398 1484 2426 me
1501 2382 1687 2426 animam

322 2471 337 2492 »
351 2453 529 2496 meam⁵.
552 2471 568 2492 1>
581 2452 761 2498 Sanctus
784 2455 944 2515 colligit
967 2456 1019 2499 ab
1039 2455 1105 2499 his
1125 2468 1218 2515 quae
1240 2453 1341 2497 foris
1358 2453 1483 2512 su'nt,>
1497 2461 1544 2513 et
1561 2468 1687 2515 supra.

369 2564 377 2579 ·
394 2556 479 2589 Psal.
499 2568 596 2597 xxxv,
612 2568 660 2591 ιο.
681 2577 723 2584 —-
739 2570 752 2585 ³
772 2559 823 2593 Id.
848 2571 913 2600 xm,
926 2559 958 2600 4.
976 2578 1015 2586 --
1032 2562 1046 2585 ⁵
1060 2558 1171 2600 Eccie,
1187 2570 1236 2598 xl,
1258 2569 1287 2597 ¹0
1303 2577 1344 2584 -
1364 2559 1520 2612 ⁴J01'0m5
1539 2568 1630 2610 ¹331·
1646 2569 1679 2605 9·

321 2628 361 2640 ..-
378 2611 392 2634 ⁸
412 2610 494 2650 Psal.
512 2622 578 2649 xm,
596 2612 627 2651 5,
1412 2613 1414 2615 ’
