1780 3120
546 246 600 280 ns
631 244 774 280 roan.
811 249 932 280 ιιιιι
965 247 1080 281 nnus.
1397 222 1487 295 393

130 330 247 390 quod
265 327 464 375 dederitis
482 328 614 388 inopi,
634 329 725 373 sine
745 329 922 373 custode
941 330 1191 374 servabitur.
1216 329 1346 384 Quod
1364 329 1399 374 si
1419 330 1488 375 in·-

127 409 398 447 crementum
427 416 653 445 usurarum
683 400 891 460 qnaeritis,
922 401 965 444 in
993 402 1105 461 Lege
1138 401 1381 446 benedictio
1395 435 1408 452 ,
1444 401 1489 446 in

130 470 357 531 Evangelio
373 470 556 514 coelestis
570 478 634 514 est
647 486 839 515 merces:
864 471 967 529 quid
988 472 1156 516 suavius
1170 472 1488 523 benedictione;

123 536 236 602 *quid
262 541 401 600 majus
427 550 493 586 est
523 541 666 586 coelo?
685 541 732 587 si
750 557 948 586 escarum
967 540 1406 594 desideraturusura‚
1438 558 1490 587 ea

124 601 300 672 {lneque
319 619 473 672 praesto
491 620 577 663 est,
601 612 712 656 sicut
730 613 933 672 legimus:
949 631 967 654 ι
978 615 1019 657 ls
1037 614 1154 658 enim
1172 614 1247 672 qui
1266 614 1492 659 miseretur

131 682 381 743 »pauper-is,
412 683 500 742 ipse
519 682 758 742 pascam-¹.
780 703 797 723 ι

130 847 668 863 mmmm

1043 849 1497 864 mmmmm

636 956 817 1002 CAPUT
846 957 982 1003 xvn.
1221 949 1252 965 ἃ
1277 959 1280 961 ’

132 1104 398 1148 Occurritur
416 1103 683 1162 objectioni,
707 1120 797 1162 qua
816 1104 1029 1148 nonnulli
1047 1115 1213 1165 negant
1230 1106 1496 1165 generaliter

186 1175 466 1235 prohibitum
490 1191 546 1218 ne
568 1177 737 1235 pignus
766 1177 1029 1225 retineatur,
1059 1177 1134 1220 secl
1161 1176 1224 1219 ad
1242 1192 1495 1235 pauperum

184 1247 383 1307 pignora
396 1245 555 1306 Legem
574 1247 863 1304 restringunt.

189 1381 317 1425 Lvll.
350 1381 543 1427 Rnnmu
567 1397 668 1441 ergo
683 1383 859 1442 pignora
874 1398 968 1442 quae
985 1383 1153 1432 tenetis,
1174 1382 1376 1441 quoniam
1393 1381 1494 1424 fide-

134 1451 341 1507 jussorem
374 1453 579 1497 idoneum
609 1452 836 1513 reperistis.
879 1453 965 1496 Sed
991 1453 1322 1496 obmurmurant
1353 1452 1494 1497 adhuc

133 1521 343 1572 dicentes,
366 1523 465 1582 quia
488 1524 589 1567 licet
613 1532 758 1566 tenere
779 1523 979 1583 pignora,
1001 1531 1045 1567 et
1059 1539 1105 1567 se
1118 1524 1230 1583 Lege
1246 1523 1490 1567 defendunt.

133 1590 265 1635 Aiunt
293 1592 406 1636 enim
427 1609 437 1636 :
470 1593 687 1652 Scriptum
723 1602 789 1636 est
818 1594 861 1636 in
886 1594 1219 1638 Deuteronomio
1237 1610 1248 1635 :
1264 1612 1282 1634 ι
1298 1593 1343 1637 Si
1367 1593 1497 1637 suerit

133 1662 241 1707 »tihi
266 1663 457 1708 debitum
480 1680 503 1707 a
521 1664 715 1723 proximo
740 1672 815 1708 tuo
834 1666 1136 1722 quodcumque
1150 1697 1163 1714 ‚
1187 1679 1275 1707 non
1303 1664 1498 1707 introibis

133 1733 208 1777 »in
231 1734 406 1777 domum
432 1734 563 1793 ipsius
590 1734 812 1793 pignerare
839 1734 1018 1793 pignus:
1053 1735 1129 1777 sed
1159 1733 1260 1776 foris
1280 1733 1434 1783 stabis,
1456 1742 1500 1777 et

133 1802 293 1847 »homo
323 1803 435 1863 apud
460 1819 588 1862 quem
609 1812 674 1847 est
692 1803 885 1847 debitum
907 1813 1057 1853 tuum,
1078 1803 1266 1862 proferet
1289 1803 1367 1846 tibi
1396 1802 1497 1846 soris

135 1891 153 1912 ι
164 1873 328 1933 pignus.
347 1873 393 1917 Si
408 1882 550 1917 autem
565 1873 696 1917 homo
710 1874 781 1921 ille
795 1889 959 1933 pauper
976 1874 1119 1924 fuerit,
1140 1889 1228 1917 non
1247 1874 1432 1917 dormies
1455 1874 1497 1917 in

135 1962 153 1983 ι
163 1944 340 2004 pignore
360 1944 489 2004 ipsius
500 1961 513 1993 ;
537 1945 612 1987 sed
631 1944 869 1987 redditione
889 1945 1042 1988 reddes
1064 1945 1104 1987 ei
1125 1945 1277 2004 pignus
1298 1944 1428 2004 ipsius
1445 1946 1501 1989 ad

120 2029 367 2058 ,soccasum
382 2014 498 2060 solis.
517 2022 560 2057 et
576 2013 759 2057 dormiet
774 2014 818 2057 in
836 2014 1086 2058 vestimento
1105 2030 1199 2065 suo,
1217 2023 1262 2060 et
1273 2015 1502 2059 benedicet

137 2102 155 2124 ι
167 2092 226 2134 te,
241 2092 286 2128 et
298 2084 380 2127 erit
394 2084 436 2127 in
453 2092 495 2127 te
510 2083 798 2127 misericordia
814 2099 960 2127 coram
978 2085 1163 2128 Domino
1178 2086 1270 2128 Deo
1286 2093 1362 2128 tuo
1372 2085 1403 2128 ².
1417 2104 1432 2124 ο
1444 2085 1500 2128 Et

137 2155 252 2205 alibi,
274 2155 488 2213 inquiunt,
508 2153 715 2212 scriptum
728 2162 795 2197 est
810 2168 821 2196 z
836 2171 854 2192 ι
871 2154 964 2198 Non
980 2155 1222 2213 pignerabis
1234 2157 1411 2205 molam,
1429 2171 1500 2198 ne-

72 2226 76 2228 ’
138 2242 252 2286 nque
265 2225 451 2285 lapidem
471 2225 734 2284 superiorem
748 2226 893 2274 molae3
916 2225 1119 2284 quoniam
1136 2226 1208 2270 hic
1223 2226 1455 2286 pigneraff.
1473 2246 1490 2266 »

139 2297 194 2340 Et
210 2296 310 2340 alibi
329 2311 340 2339 :
357 2313 375 2336 ι
391 2295 484 2340 Non
511 2295 695 2354 accipies
715 2295 869 2354 pignus
888 2296 1130 2340 vestimenti
1149 2295 1327 2341 viduae‘.
1348 2317 1366 2338 ι
1380 2298 1501 2342 Unde

140 2374 490 2426 argumentantur
509 2366 607 2425 quia
627 2365 824 2425 specialia
846 2366 1023 2425 pignora
1046 2366 1132 2410 sint
1150 2367 1392 2418 interdicta,
1414 2383 1501 2411 non

140 2436 300 2486 omnia,
316 2436 361 2480 id
374 2444 453 2487 est,
471 2436 667 2496 pauperis
682 2443 726 2479 et
739 2435 888 2479 viduae.
905 2436 1060 2480 Melam
1073 2451 1245 2496 quoque
1258 2445 1301 2482 et
1317 2437 1502 2497 lapidem

140 2507 403 2568 superiorem
421 2508 544 2552 molae
563 2506 828 2567 prohibitum
849 2507 1077 2568 pignerari.

189 2608 200 2623 ¹
219 2598 316 2633 Prov.
344 2609 427 2637 nn,
442 2611 529 2642 9.-
544 2609 559 2626 ·
579 2599 678 2634 Βωι.
706 2609 795 2638 xxxxx
816 2599 968 2634 ιο-ι3.-
981 2602 997 2626 ⁸
1010 2599 1096 2636 ibid.
1113 2600 1144 2635 6.
1162 2618 1204 2627 -
1218 2603 1232 2629 ⁴
1248 2599 1334 2636 lbid.
1355 2611 1407 2644 ¹7·
