1780 3120
351 248 435 294 332
902 264 932 292 s.
973 261 1167 292 minnosu

348 343 554 385 exclamat
570 339 844 384 Ecclesiastes
869 341 1015 384 dicens
1040 356 1049 382 z
1067 358 1083 379 «
1104 341 1178 383 Est
1199 342 1378 398 languor
1400 339 1563 391 malus,
1586 355 1715 400 quem

348 412 461 466 »vidi
496 412 573 455 sub
604 412 719 461 sole,
751 410 916 454 divitias
951 410 1158 454 custodiri
1192 410 1236 453 in
1264 411 1426 453 malum
1462 410 1716 469 possidentis

351 499 448 526 »eas
460 481 491 526 ¹.
509 500 526 523 »
540 481 625 526 Sed
640 481 816 525 fortasse
833 483 982 524 redeas
996 482 1171 524 domum
1187 489 1339 524 etcum
1355 496 1486 524 uxore
1497 481 1713 525 conferas:

347 553 415 597 illa
441 561 481 596 te
501 551 697 595 hortetur
717 559 766 594 ut
786 550 969 594 redimas
993 552 1314 594 venumdatum.
1342 552 1434 594 Imo
1459 551 1593 611 magis
1614 551 1718 595 hor-

350 622 509 666 tabitur
529 630 576 665 ut
602 623 811 664 mundum
833 620 1087 663 muliebrem
1117 621 1334 671 conseras,
1372 623 1488 665 unde
1508 630 1629 681 potes
1650 623 1719 667 vel

351 709 481 753 parvo
518 708 753 752 pauperem
783 692 979 736 liberare.
1019 692 1094 735 Illa
1126 683 1204 735 tibi
1238 692 1432 750 imponet
1470 688 1719 752 sumptuum

353 762 677 823 necessitatem3
699 771 749 806 ut
772 778 937 821 gemma
958 762 1093 812 bibat,
1116 761 1159 805 in
1173 759 1501 813 ostro'dormiat,
1520 763 1564 806 in
1576 778 1721 823 argen-

351 842 419 877 tea
437 833 597 893 sponda
621 833 870 883 recumbat,
893 849 995 876 auro
1017 842 1165 877 oneret
1186 849 1364 884 manus,
1391 834 1720 879 cervicem‘mo·

352 906 522 950 nilibus.

409 973 568 1018 XXVI.
606 974 884 1018 Delectantur
897 982 940 1018 et
955 975 1233 1034 compedibus
1249 975 1470 1025 mulieres,
1490 976 1722 1020 dummodo

355 1060 457 1089 auro
492 1045 689 1103 ligentur.
732 1045 825 1089 Non
850 1054 1003 1104 putant
1029 1061 1157 1088 onera
1185 1062 1298 1096 esse,
1332 1047 1365 1089 si
1395 1046 1581 1106 pretiosa
1603 1046 1686 1091 sint
1709 1062 1720 1090 ε

354 1131 438 1160 non
457 1115 695 1159 existimant
719 1116 886 1159 vincula
909 1131 999 1159 esse
1018 1148 1028 1167 ,
1055 1117 1089 1159 si
1112 1117 1153 1159 in
1179 1117 1243 1160 his
1268 1117 1455 1160 thesauri
1479 1126 1719 1161 coruscent.

352 1185 576 1230 Delectant
607 1194 650 1228 et
683 1187 858 1229 vulnera
884 1203 897 1236 3
938 1194 986 1229 ut
1017 1202 1168 1229 aurum
1203 1187 1377 1229 auribus
1402 1186 1650 1245 inseratur,
1681 1194 1725 1230 et

354 1257 589 1313 margaritae
621 1258 900 1315 dependeant.
936 1256 1108 1300 Habent
1137 1266 1180 1299 et
1212 1272 1388 1315 gemmae
1412 1258 1602 1316 pondera
1625 1271 1723 1306 sua.

355 1328 516 1370 habeut
537 1336 580 1370 et
601 1327 849 1370 vestimenta
872 1326 1025 1385 frigora
1050 1342 1137 1370 sua.
1164 1327 1353 1370 Sudatur
1376 1328 1419 1370 in
1438 1327 1617 1387 gemmis
1634 1360 1645 1377 ‚
1672 1328 1728 1371 al-

358 1407 479 1457 getur
502 1397 542 1439 in
563 1398 706 1440 sericis
719 1414 732 1447 3
757 1405 899 1440 tamen
915 1397 1049 1455 pretia
1072 1397 1221 1454 juvant
1247 1413 1257 1440 :
1279 1405 1322 1441 et
1338 1413 1431 1456 quae
1443 1406 1596 1441 natura
1614 1413 1728 1441 aver-

364 1478 479 1512 satur
500 1504 511 1521 ,
537 1469 809 1512 commendat
829 1466 1014 1510 avaritia.
1043 1467 1299 1525 Smaragdos
1329 1501 1340 1518 ‚
1374 1476 1418 1511 et
1439 1467 1692 1526 hyacinthos
1712 1501 1724 1519 ,

360 1542 571 1600 beryllum
590 1571 600 1588 ‚
625 1538 820 1581 achatem
838 1569 849 1585 ,
872 1536 1091 1595 topazion,
1118 1538 1428 1596 amethystum,
1454 1537 1612 1597 jaspin,
1642 1553 1727 1582 sar·
1779 1552 1780 1556 ¹

360 1611 475 1659 dion,
500 1608 666 1653 summo
685 1615 881 1665 quaerunt
901 1607 1046 1649 surore
1067 1624 1076 1648 ε
1096 1609 1163 1650 vel
1185 1607 1219 1650 si
1242 1608 1465 1651 dimidium
1481 1603 1738 1667 patrimonii

358 1689 544 1742 petatur,
570 1694 655 1722 non
674 1686 859 1737 parcunt
880 1677 1118 1736 dispendio,
1134 1679 1235 1721 dum
1249 1678 1470 1737 indulgent
1485 1678 1719 1738 cupiditati.
1778 1665 1780 1678 ¹

361 1752 452 1797 Non
475 1753 615 1795 abnuo
638 1757 805 1808 gratum
827 1750 1054 1806 quemdam
1070 1749 1461 1808 lapidum'istorum
1482 1766 1574 1794 esse
1594 1749 1726 1810 fulgo·
1778 1786 1780 1812 ÷

360 1837 468 1870 rem,
487 1823 560 1864 sed
576 1829 717 1863 tamen
733 1819 935 1877 lapidum.
957 1819 1010 1862 Et
1027 1819 1103 1877 ipsi
1119 1821 1351 1864 admonent
1366 1828 1515 1864 contra
1529 1827 1733 1864 naturam·

365 1893 555 1950 expoliti,
596 1899 645 1934 ut
677 1905 872 1934 saxorum
902 1892 1165 1949 deponerent
1203 1891 1471 1950 asperitatem
1495 1924 1505 1941 ,
1541 1891 1724 1950 rigorem

360 1962 491 2019 magis
514 1959 665 2004 mentis
686 1975 777 2005 esse
799 1961 1119 2020 expoliendum,
1143 1977 1272 2020 quam
1296 1962 1500 2022 lapidum.

414 2058 423 2071 ¹
440 2051 544 2085 Eccte.
565 2063 597 2092 v,·
617 2063 665 2086 ια.
