1780 3120
347 229 441 274 328,
899 238 929 266 s.
971 235 1160 267 AMnnosn

347 322 558 370 universa,
573 316 755 362 ‘aufertis
777 317 935 367 omnia,
964 317 1070 360 nihil
1091 315 1328 374 relinquitis
1348 330 1358 357 ε
1382 327 1552 374 poenam
1570 318 1729 358 tamen

347 405 585 452 pauperum
607 403 681 431 vos
701 387 863 446 potius,
892 387 1066 436 divites,
1092 383 1318 430 sustinetis.
1346 385 1410 429 Illi
1438 383 1654 443 jejunant,
1679 383 1711 427 si

351 477 439 506 non
461 460 672 508 habeant,
701 473 776 501 vos
797 472 897 501 cum
925 457 1103 501 hahetis.
1135 457 1171 501 A
1194 457 1314 500 vobis
1341 456 1468 514 igitur
1492 456 1608 514 prius
1628 470 1714 514 poe-

351 547 450 574 nam
472 529 648 588 exigitis,
669 543 794 586 quam
817 528 1074 586 pauperibus
1091 527 1296 585 irrogatis.
1329 526 1409 571 Vos
1425 527 1553 585 igitur
1573 534 1721 580 vestro,

355 601 511 645 affectu
540 600 655 644 luitis
682 599 846 642 miserae
871 597 1130 656 paupertatis
1159 612 1369 640 aerumnas
1391 629 1402 647 ‚
1431 605 1475 640 et
1507 611 1715 656 pauperes

352 673 524 732 quidem
545 687 630 714 non
652 671 810 714 habent
831 676 1118 733 quo-utantur
1136 685 1148 718 ;
1171 683 1245 711 vos
1269 675 1412 710 autem
1436 681 1516 711 nec
1536 667 1613 727 ipsi
1628 666 1716 710 uti-

349 743 473 792 mini,
490 757 568 785 nec
588 741 688 784 alios
714 740 777 782 uti
793 739 942 782 sinitis.
969 737 1128 781 Eruitis
1151 752 1303 782 aurum
1324 739 1378 781 de
1398 738 1557 782 metalli
1571 737 1711 787 venis,

351 814 426 857 sed
445 827 614 855 rursum
640 810 899 854 absconditis
924 809 1044 852 illud.
1071 808 1342 862 Quantorum
1364 808 1469 852 vitas
1489 808 1534 852 in
1555 808 1627 851 illo
1647 807 1716 851 in-

350 882 492 926 foditis
514 879 644 924 auro?

388 961 390 963 ’
409 952 541 996 XVII.
581 950 660 993 Cui
678 951 746 993 illa
771 957 1007 1000 servantur,
1033 964 1133 993 cum
1149 949 1334 1008 legeritis
1347 950 1400 993 de
1413 964 1538 993 avaro
1559 949 1712 993 divite:

362 1041 378 1062 α
399 1023 636 1066 Thesauros
659 1021 822 1069 condit,
847 1027 890 1063 et
914 1020 1079 1078 ignorat
1102 1021 1171 1063 cui
1192 1028 1421 1079 congregat
1442 1019 1539 1063 eos*
1562 1019 1717 1064 3³„Hae-

350 1110 417 1136 res
439 1094 597 1136 otiosus
619 1099 829 1150 expectat,
851 1091 985 1134 haeres
1002 1091 1241 1135 fastidiosus
1257 1091 1464 1150 increpat,
1487 1092 1604 1149 quod
1619 1105 1715 1134 sero

350 1164 599 1207 moriamini.
629 1163 731 1206 Odit
752 1163 1017 1205 incrementa
1044 1162 1301 1206 haereditatis
1325 1177 1410 1206 suae
1428 1194 1440 1212 ,
1475 1163 1528 1205 ad
1552 1162 1714 1204 ‘damna

349 1233 530 1276 festinat.
575 1233 690 1285 Quid
727 1233 854 1291 igitur
889 1233 1098 1283 miserius,
1142 1234 1311 1291 quando
1346 1247 1427 1276 nec
1459 1234 1572 1291 apud
1597 1231 1716 1275 illum

350 1304 417 1346 oui
447 1303 671 1353 laboratis,
704 1303 881 1361 gratiam
914 1302 1235 1361 derelinquitis?
1263 1303 1444 1360 Propter
1474 1301 1595 1345 illum
1615 1302 1716 1345 totis

350 1382 544 1416 moestam
595 1374 743 1416 diebus
787 1373 976 1416 toleratis
1022 1373 1178 1417 famem
1211 1407 1222 1424 ,
1267 1372 1512 1431 quotidiana
1558 1387 1714 1415 mensae

348 1453 496 1487 vestrae
519 1446 671 1487 damna
695 1452 934 1487 metuentes
955 1459 965 1486 ε
989 1453 1164 1504 propter
1187 1444 1308 1488 illm‘n
1330 1444 1481 1489 diurna
1503 1442 1715 1486 adornatis

348 1513 505 1572 jejunia
531 1515 639 1570 (62).
1277 1560 1291 1570 Ἰ

409 1585 563 1628 XVIH.
603 1585 707 1628 Novi
722 1601 823 1644 ergo
845 1586 1017 1629 divitem
1033 1586 1076 1628 in
1093 1600 1241 1645 agrum
1258 1584 1617 1646 proficiscentem,
1638 1599 1716 1644 pa-

350 1670 424 1698 nes
439 1655 654 1698 breviores
673 1655 781 1698 urbe
794 1657 955 1699 delatos
966 1670 1193 1699 numerare
1204 1658 1339 1700 solere
1352 1673 1364 1707 ;
1382 1665 1432 1700 ut
1442 1671 1519 1715 pro
1536 1670 1715 1711 numero

349 1725 469 1785 panis
493 1725 773 1769 aestimaretur
793 1734 898 1784 quot
917 1726 1005 1769 dies
1026 1726 1070 1769 in
1088 1741 1187 1785 agro
1206 1726 1376 1770 futurus
1391 1735 1514 1770 esset.
1536 1726 1717 1770 Nolebat

351 1795 618 1854 obsignatum
645 1796 808 1854 aperire
834 1797 1060 1846 horreum3
1085 1812 1140 1839 ne
1161 1797 1265 1854 quid
1284 1799 1338 1840 de
1360 1797 1533 1840 condito
1553 1795 1716 1839 minue-

295 1887 297 1889 ·
351 1875 480 1909 retur.
506 1866 629 1909 Panis
654 1882 765 1910 unus
797 1866 970 1924 singulis
997 1867 1146 1910 diebus
1171 1868 1481 1927 deputabatur,
1509 1867 1582 1925 qui
1602 1874 1717 1910 tena-

352 1950 445 1979 cem
462 1936 530 1978 vix
546 1936 696 1980 satiare
716 1944 870 1996 posset.
900 1936 1099 1996 Comperi
1121 1938 1249 1980 etiam
1263 1937 1351 1981 veri
1369 1936 1470 1987 fide,
1489 1937 1523 1980 si
1545 1937 1715 1996 quando

354 2007 392 2049 ei
410 2022 536 2049 ovum
558 2015 668 2051 esset
691 2008 946 2067 appositum,
974 2007 1094 2066 queri
1115 2010 1231 2067 quod
1246 2010 1386 2068 pullus
1402 2015 1511 2052 esset
1531 2006 1712 2051 occisus.

352 2077 444 2120 Hoc
470 2077 564 2120 ideo
592 2078 756 2128 scribo,
785 2086 833 2121 ut
857 2079 1122 2138 cognoscatis
1143 2079 1356 2122 vindicem
1377 2077 1576 2138 esse-Dei
1598 2076 1717 2135 justi-

353 2146 452 2189 tiam
468 2179 479 2196 ‚
501 2162 594 2204 quae
623 2149 832 2206 lacrymas
853 2165 1091 2209 pauperum
1117 2158 1257 2194 vestro
1279 2143 1514 2195 ulciscatur
1532 2146 1709 2208 jejunio.

399 2245 410 2261 ⁸
432 2237 516 2271 Psal-
535 2249 683 2280 xxxvm,
700 2251 732 2283 7.
