1780 3120
401 242 455 272 nn
484 241 595 271 nono
623 239 792 270 notris.
829 239 951 270 unu
980 240 1098 270 unus.
1376 226 1438 271 65

73 322 236 372 anima,
261 335 356 380 quae
374 319 601 380 praetendit
626 318 667 362 in
692 319 841 363 castris
865 317 975 377 (11).
999 319 1120 363 Unde
1142 326 1187 362 et
1211 318 1301 379 ipsa
1321 319 1379 363 ait
1394 320 1439 363 iu

77 391 296 437 Canticis:
322 390 443 449 «Ego
470 404 645 440 murus,
686 390 820 433 ubera
849 404 943 432 mea
974 397 1023 432 ut
1057 389 1238 433 turres¹.
1257 409 1274 431 ι
1297 391 1453 434 Bonus·

71 477 223 508 murus
237 476 364 520 quem
379 460 514 520 pinxit
534 459 764 510 Dominus,
789 459 1004 519 sicutipse
1026 460 1083 503 ait
1103 475 1114 501 ε
1138 477 1154 499 ι
1171 460 1220 502 In
1241 461 1440 505 manibus

73 533 209 577 »meis
226 532 340 592 pinxi
357 546 501 574 muros
517 539 631 580 tuos,
647 539 690 574 et
706 530 749 573 in
766 538 1000 589 conspectu
1017 545 1115 573 meo
1130 545 1176 573 es
1189 530 1400 589 semper².
1415 549 1437 571 r

74 604 193 648 Bona
213 602 353 647 anima
382 617 477 660 quae
498 601 627 645 habet
665 602 975 660 speculatorem
1007 600 1171 650 Deum,
1195 608 1239 643 et
1272 600 1315 643 in
1344 615 1441 643 ma-

71 673 201 718 nibus
227 673 319 731 ejus
348 681 438 723 est,
467 672 579 715 sicut
606 671 745 714 anima
776 670 1052 730 prophetica,
1090 685 1186 728 quae
1212 670 1256 715 in
1284 662 1442 713 manus

76 743 249 788 Domini
296 743 621 787 commendator
666 750 715 785 ut
761 740 980 801 spiritus²,
1027 749 1071 784 et
1094 756 1189 799 quae
1228 741 1271 784 in
1308 755 1438 784 cons-

73 822 207 873 pectu
226 813 303 857 Dei
323 822 415 857 est:
439 831 456 853 ι
472 813 598 856 Oculi
619 812 733 855 enim
754 812 926 856 Domini
947 827 1076 872 super
1098 811 1279 870 justos‘.
1297 831 1314 852 ι
1331 813 1443 856 sicut

81 891 125 927 et
146 883 236 942 ipse
251 884 309 926 ait
327 899 339 926 ε
363 901 381 923 ι
396 883 485 942 Ego
507 898 623 925 eram
644 881 688 925 in
710 883 845 925 oculis
871 882 965 941 ejus
998 891 1199 940 tanquam
1224 882 1443 925 inveniens

75 953 299 1013 »pacem⁵.
323 971 339 994 ι
366 954 505 996 Bonas
526 961 663 996 turres
684 952 813 996 habet
840 968 934 1011 quae
955 953 1083 996 hahet
1103 961 1147 996 et
1167 955 1221 996 de
1243 952 1448 1011 intelligi-

74 1024 234 1068 bilibus
266 1024 473 1073 verbum,
502 1032 546 1066 et
580 1024 633 1066 de
664 1023 898 1066 moralibus
934 1023 1215 1082 disciplinam.
1254 1023 1444 1081 Ideoque

77 1093 168 1138 haec
189 1094 330 1137 anima
350 1094 511 1137 habens
533 1094 710 1153 gratiam
733 1109 907 1138 suorum
933 1094 1117 1137 uberum
1142 1093 1379 1153 ingreditur
1399 1093 1444 1136 in

74 1164 247 1215 hortos,
270 1172 312 1208 et
338 1165 555 1209 inveniens
574 1165 662 1208 illic
690 1176 893 1221 sponsum
903 1160 1139 1206 ”sedentem
1161 1173 1205 1205 et
1231 1165 1448 1220 disputan-

75 1244 163 1279 tem
190 1248 290 1277 cnm
314 1235 460 1276 amicis
490 1233 578 1276 ait:
600 1232 719 1286 «Qui
750 1232 871 1276 sedes
903 1232 946 1276 in
972 1233 1130 1283 hortis,
1155 1247 1305 1276 vocem
1328 1241 1446 1277 tuam

0 1298 1 1301 ¹
76 1304 273 1348 »insinua
301 1303 421 1346 mihi.
449 1303 572 1353 Mihi,
591 1321 608 1343 ι
645 1303 806 1361 inquit,
839 1319 925 1346 non
953 1304 1114 1347 amicis.
1142 1322 1158 1343 ι
1175 1301 1294 1363 Fuge
1315 1303 1454 1347 frater

0 1381 3 1383 ’
74 1374 264 1418 »meus⁸.
285 1392 303 1414 ι
324 1374 529 1417 Hortatur
546 1382 594 1417 ut
613 1373 745 1432 fugiat
766 1389 971 1434 sponsus,
995 1375 1095 1433 quia
1119 1375 1207 1433 jam
1224 1375 1342 1432 sequi
1363 1390 1444 1434 po-

0 1472 3 1478 (
72 1453 156 1488 test
170 1444 297 1488 etiam
313 1444 402 1503 ipsa
420 1452 586 1487 terrena
602 1440 848 1503 fugientem]
868 1445 982 1488 Dicit
1003 1453 1146 1488 autem
1162 1454 1209 1489 ut
1224 1446 1371 1488 similis
1387 1447 1444 1489 sit
1458 1478 1461 1479 γ

72 1516 255 1558 damulae
273 1530 368 1573 quae
388 1514 528 1557 evadit
547 1516 601 1557 de
617 1515 792 1559 retibus.
814 1514 915 1559 Vult
930 1515 1044 1558 enim
1060 1523 1104 1559 et
1119 1515 1208 1575 ipsa
1231 1515 1375 1574 sugere
1396 1523 1444 1558 et

74 1586 243 1628 evolare
257 1600 382 1644 supra
404 1584 627 1629 mundum.

0 1648 3 1657 Δ
130 1655 253 1699 ΧΙΧ.
287 1656 396 1698 Hinc
416 1656 589 1700 hortum
616 1657 737 1699 illum
766 1655 846 1699 sibi
869 1656 990 1700 Plato
1016 1656 1279 1716 composuit,
1308 1672 1449 1715 quem

71 1723 188 1768 Jovis
208 1726 381 1769 hortum
402 1726 522 1776 alibi,
546 1727 644 1769 alibi
661 1727 833 1770 hortum
850 1728 1005 1771 mentis
1020 1728 1260 1788 appellavit.
1284 1727 1437 1771 Jovem

72 1797 187 1840 enim
203 1805 248 1840 et
268 1798 395 1840 deum
424 1805 468 1840 et
486 1806 675 1840 mentem
697 1798 828 1841 totius
843 1799 993 1841 mundi
1019 1799 1137 1842 dixit.
1163 1799 1212 1841 ln
1233 1799 1349 1841 hune
1370 1798 1443 1841 in-

71 1867 222 1910 troisse
242 1867 424 1910 animam
447 1883 574 1926 quam
588 1867 798 1917 Venerem
814 1878 1055 1928 nuncupat,
1082 1877 1130 1912 nt
1146 1884 1191 1912 se
1213 1869 1441 1911 abundan-

72 1936 131 1980 tia
149 1945 192 1980 et
213 1937 366 1981 divitiis
391 1937 519 1995 hujus
542 1938 656 1981 horti
690 1940 899 1997 repleret,
938 1940 979 1983 in
1008 1954 1094 1997 quo
1125 1940 1310 1997 repletus
1332 1945 1440 1996 potu

0 2006 9 2048 {³
73 2007 235 2066 jaceret
261 2024 418 2068 porus,
450 2008 523 2066 qui
552 2012 705 2052 nectar
719 2008 959 2052 effunderet
991 2007 1101 2068 (12).
1128 2009 1219 2051 Hoc
1236 2009 1364 2067 igitur
1385 2023 1438 2051 ex

73 2078 184 2122 libro
207 2078 483 2122 Canticorum
503 2079 743 2138 composuit
761 2114 772 2129 ,
797 2095 849 2123 eo
874 2079 991 2137 quod
1012 2079 1151 2122 anima
1175 2079 1267 2122 Deo
1292 2078 1438 2122 adhae-

73 2164 174 2192 rens
192 2149 235 2191 iu
255 2148 428 2193 hortum
442 2149 595 2192 mentis
614 2149 798 2208 ingressa
822 2149 898 2199 sit,
922 2149 966 2192 in
989 2164 1080 2208 quo,
1095 2156 1204 2192 esset
1221 2147 1440 2191 abundan-

74 2219 132 2262 tia
148 2219 408 2262 diversarum
423 2219 645 2279 virtutum,
665 2219 875 2278 floresque
891 2235 1148 2262 sermonum.
1172 2219 1279 2272 Quis
1295 2227 1437 2262 autem

0 2306 27 2335 ,ἃ
75 2290 243 2348 ignorat
262 2291 379 2348 qnod
403 2305 455 2333 ex
480 2291 674 2349 paradiso
706 2291 803 2340 illo,
835 2305 964 2348 quem
993 2291 1173 2349 legimus
1204 2291 1249 2333 in
1283 2289 1450 2334 Genesi

8 2354 25 2424 ξ
77 2358 307 2402 habentem
328 2360 490 2419 lignum
509 2361 604 2403 vitae
618 2393 630 2410 ,
648 2369 691 2404 et
712 2361 874 2420 lignum
898 2361 1084 2404 scientim
1105 2360 1206 2404 honi
1227 2368 1271 2403 et
1290 2360 1437 2410 mali’,

13 2437 26 2451 ⁹
77 2438 121 2474 et
138 2430 251 2488 ligna
281 2439 453 2481 caetera,
475 2431 777 2475 abundantiam
800 2431 1007 2474 virtutum
1027 2430 1238 2490 putaverit
1261 2430 1440 2474 transse-

127 2544 136 2558 =
155 2534 255 2586 Cant.
268 2545 344 2574 vm,
364 2509 461 2569 noi-
477 2545 491 2560 ²
511 2534 586 2568 lsai.
602 2546 691 2575 un,
709 2534 759 2568 ¹6.
774 2553 816 2560 —
831 2536 845 2559 ³
859 2533 943 2567 Psal.
960 2546 1036 2572 xxx,
1050 2534 1085 2568 6.
1101 2552 1143 2559 —
1158 2535 1174 2562 ⁴
1188 2533 1240 2566 111.
1257 2543 1377 2569 xxxin.
1393 2531 1445 2564 ιδ.

78 2604 121 2613 ·-
140 2589 155 2612 ⁸
172 2588 268 2621 Cant.
289 2599 363 2629 vin,
382 2599 432 2622 ιο.
444 2607 486 2615 -
500 2590 517 2613 ⁸
534 2588 626 2623 thid.
646 2588 696 2626 ¹3,
709 2588 763 2628 1⁴.
780 2605 822 2613 —
839 2593 851 2613 ⁷
869 2587 952 2621 Gen.
973 2598 1011 2626 n,
1023 2587 1059 2622 8.

228 2659 292 2687 n.
1037 2698 1041 2702 .
1271 2639 1296 2684 5
