1780 3120
378 237 461 295 370
924 246 954 275 s.
996 237 1186 274 Amnnosn'

369 344 458 373 sors
475 322 792 372 accumulatur:
814 323 1017 382 paulatim
1037 322 1225 366 convivae
1245 337 1289 366 se
1306 320 1587 371 subtrahunt,
1607 332 1738 380 spon·-

370 411 485 445 sor'es
498 396 757 443 conveniunt
778 403 788 439 ἐ
807 400 934 439 mane
943 390 1174 438 foenerator
1191 392 1393 454 pulsatad
1413 392 1582 452 januas,
1601 391 1739 451 queri-

370 480 440 516 tur
462 472 551 515 dies
574 467 772 513 solutioni
798 465 1012 510 transiisse
1035 465 1328 525 praescriptos,
1363 465 1529 524 injuriis
1557 455 1734 524 vigilan-

369 551 458 587 tem
489 541 700 589 adoritur3
726 538 770 582 in
790 536 949 580 somnis
976 536 1259 580 dormientem
1281 535 1449 580 excitat.
1475 535 1569 581 Non
1592 543 1739 579 noctes

369 614 543 672 quietae,
569 627 655 655 non
671 609 760 654 dies
782 607 920 652 suavis
944 615 1031 658 est,
1056 623 1143 657 non
1164 608 1227 651 sol
1247 607 1476 665 jucundus.
1501 600 1740 651 Detrahun-

369 693 442 729 tur
466 682 667 744 paulatim
686 682 898 725 deauratae
924 694 972 723 ac
994 678 1138 722 scricae
1159 687 1319 728 vestes,
1338 685 1381 722 et
1400 685 1587 722 veneunt
1614 671 1740 720 ‹limi-

371 755 442 800 dio
452 753 640 798 minoris.
655 747 779 796 Ponit
790 765 889 794 cum
899 748 1100 808 lacrymis
1116 756 1364 792 ornamenta
1383 744 1540 807 conjux
1554 747 1641 807 jam
1651 746 1742 791 tris-

369 826 475 875 tior,
498 832 640 882 empta
668 821 858 871 charius,
895 818 1118 864 vendenda
1139 818 1275 863 vilius.
1304 820 1352 862 ln
1395 818 1593 863 auctione
1620 817 1742 879 pueri

371 895 692 954 constituuntur
717 900 873 935 mensae
894 889 1095 940 ministri,
1121 899 1165 935 et
1185 892 1295 934 malo
1326 889 1480 935 assueti
1502 898 1742 950 emptorem

372 973 567 1010 avcrtuut
592 963 700 1023 (71).
729 961 920 1007 Offertur
946 960 1130 1020 pecunia
1160 961 1422 1005 creditori:«
1452 959 1551 1011 Vix,
1575 958 1739 1018 inquit,

370 1035 463 1082 haec
484 1031 606 1079 solvit
623 1049 817 1083 usuram,
840 1040 969 1091 caput
993 1032 1135 1075 debes.
1155 1050 1171 1072 n
1628 1022 1632 1025 ’

433 1107 534 1152 ΧΧ.
560 1105 686 1150 Redit
706 1104 909 1147 exhausto
932 1101 1186 1161 patrimonio
1214 1101 1363 1161 capitis
1384 1116 1507 1151 reus3
1531 1108 1575 1144 et
1600 1098 1745 1143 immi-

375 1186 482 1222 nuto
503 1176 688 1224 foenore,
715 1173 870 1232 accipit
886 1171 1077 1215 inducias
1094 1171 1298 1215 tristiores
1315 1166 1497 1223 bellicis,
1517 1169 1636 1230 quasi
1649 1176 1747 1229 post

373 1248 554 1291 biduum
582 1245 865 1305 praeliaturus.
903 1244 952 1286 In
982 1243 1097 1286 bello
1124 1243 1239 1285 enim
1266 1242 1428 1286 incerta
1450 1241 1651 1291 victoria,
1676 1238 1747 1283 hic

377 1325 494 1360 certa
510 1315 651 1374 inopia
672 1332 682 1357 ε
702 1314 789 1357 illic
807 1329 850 1356 se
868 1314 1019 1371 clypeo
1036 1312 1162 1370 tegit,
1180 1312 1251 1355 hic
1272 1313 1412 1355 nudus
1429 1311 1641 1356 occurrit:
1660 1310 1747 1370 illic

370 1386 504 1431 lorica
527 1393 676 1444 pectus
705 1382 909 1432 includit,
938 1382 1010 1424 hic
1033 1389 1147 1425 totus
1169 1397 1342 1426 carcere
1369 1382 1633 1426 includitur:
1659 1380 1749 1424 illic

377 1469 528 1499 manus
551 1451 644 1498 telis
671 1461 843 1503 onerat,
868 1459 1006 1495 armat
1031 1452 1191 1511 sagittis
1206 1486 1218 1503 ,
1250 1452 1322 1496 hic
1344 1468 1427 1496 aerc
1447 1468 1601 1496 vacuas
1624 1450 1750 1495 offert

376 1524 560 1568 vinculis
582 1522 827 1581 alligandas.
853 1521 1037 1565 Ducitur
1057 1523 1311 1580 plerumque
1326 1531 1507 1581 uterque
1527 1522 1716 1583 captivus
1736 1538 1747 1563 ι

347 1595 349 1598 ’
375 1592 448 1640 ille
478 1589 609 1639 htbet
640 1603 770 1651 quem
802 1593 975 1635 accuset
1016 1593 1242 1636 adversum
1281 1592 1384 1637 belli
1420 1602 1644 1645 eventum,
1679 1588 1750 1636 hic

377 1672 564 1727 praeptc'r
590 1677 635 1709 se
663 1671 793 1722 quem
812 1671 1016 1719 accuset,
1048 1679 1135 1706 non
1157 1660 1300 1708 habet.
1329 1664 1445 1709 Nihil
1465 1674 1528 1709 est
1550 1658 1752 1709 intolera-

378 1731 506 1782 bilius
527 1733 608 1779 hac
625 1733 818 1784 miseria,
836 1749 930 1792 quae
951 1734 1144 1777 excusari
1161 1749 1247 1778 non
1263 1743 1415 1794 potest.
1442 1734 1630 1781 Acerbat
1647 1749 1753 1778 con-

381 1806 554 1851 scientia
571 1804 738 1865 pondus
758 1804 938 1862 injuriae.

440 1876 561 1921 XXI.
582 1876 705 1920 Tunc
720 1890 867 1918 secum
884 1882 1054 1934 reputat
1066 1910 1079 1927 ,
1097 1884 1200 1919 tunc
1221 1875 1465 1936 Scripturas
1480 1875 1752 1928 recordatur,

381 1955 486 1992 tunc
517 1944 621 1990 dicit
655 1961 666 1989 ι
697 1945 848 1990 Nonne
869 1946 977 1990 mihi
1002 1946 1212 2005 scriptum
1231 1955 1296 1990 est
1320 1963 1364 1991 2«
1386 1946 1494 1993 Bibe
1526 1963 1680 2009 aquam
1702 1948 1755 1991 de

381 2035 400 2059 a
413 2017 497 2062 tuis
515 2017 641 2069 vasis,
656 2024 700 2060 et
716 2012 769 2060 de
790 2024 964 2059 tuorum
976 2022 1206 2076 puteorum
1221 2017 1411 2062 fontibus
1426 2017 1439 2041 ¹
1454 2017 1473 2061 Ξ)
1489 2038 1506 2061 n
1519 2014 1635 2074 Quid
1646 2002 1756 2063 mihi

381 2100 484 2133 cum
506 2091 635 2147 puteo
657 2087 945 2139 foeneratoris,
969 2087 1044 2131 ubi
1064 2096 1107 2131 et
1130 2104 1237 2147 aqua
1263 2087 1531 2134 includitur?
1552 2079 1755 2145 suaviora

385 2162 506 2204 erant
523 2154 635 2203 olera
660 2169 759 2203 cum
776 2159 1022 2209 securitate,
1041 2175 1170 2218 quam
1190 2160 1336 2204 alicnae
1353 2160 1490 2221 epulae
1506 2146 1756 2228 postici-cuin

385 2229 714 2275 sollicitudine&
747 2228 842 2274 Non
864 2230 1054 2290 oportuit
1076 2231 1211 2275 aliena
1233 2248 1436 2291 quaerctre.
1461 2221 1625 2282 Deinde
1646 2225 1756 2292 inci-

386 2303 533 2348 cleram
555 2301 721 2352 debita,
755 2303 808 2345 de
833 2302 939 2347 meis
966 2303 1157 2362 oportuit
1177 2302 1368 2347 sontibus
1389 2293 1631 2367 remedium
1646 2297 1756 2363 quae-

369 2375 494 2418 ''r‘e're-
513 2367 646 2417 Erant
666 2371 783 2416 domi
797 2389 895 2417 vasa
915 2374 1144 2418 minutiora
1164 2390 1174 2418 τ
1193 2376 1345 2419 melius
1361 2383 1453 2420 erat
1471 2367 1755 2427 ministerium

388 2439 552 2493 deesse,
577 2445 707 2502 quam
729 2443 901 2487 cibum:
923 2445 1076 2488 melius
1095 2453 1257 2488 vestem
1282 2447 1477 2490 venalem
1486 2435 1755 2509 proponere,

376 2516 516 2575 ‘quam
541 2514 784 2560 libertatem
811 2511 1021 2560 addicere.
1053 2514 1170 2570 Quid
1196 2503 1358 2576 profuit
1387 2510 1505 2576 quod
1531 2502 1755 2581 publicam

427 2597 443 2633 3
460 2593 558 2641 Prov.
573 2616 608 2646 v,
625 2607 676 2642 15.
690 2624 732 2635 --
751 2617 766 2634 ·
782 2607 832 2643 td.
849 2617 905 2647 xv,
920 2618 972 2651 ²7·
