1780 3120
309 236 368 285 24
857 237 889 264 s.
928 233 1119 264 Auanosn

312 327 371 368 sic
395 321 567 368 invenit,
591 326 632 360 et
652 317 746 359 ideo
768 314 869 357 dicit
889 329 898 355 :
930 330 946 352 ι(
962 313 1171 369 Exurgam
1186 341 1197 359 ,
1230 308 1275 351 id
1304 315 1388 359 est,
1420 308 1601 367 erigam,
1625 316 1668 352 et

314 395 499 438 attollam
519 387 795 432 intentionem
812 379 1038 432 meamfftut
1061 394 1246 438 quaeram
1268 379 1461 436 impigre,
1480 393 1672 436 quaeram

311 462 515 507 sollicite:
542 456 724 501 introibo
742 455 783 497 in
802 453 1024 496 civitatem.
1050 469 1066 490 »
1093 451 1166 493 Est
1187 456 1229 491 et
1253 448 1392 491 anima
1418 463 1511 506 quae
1532 449 1665 492 dicit:

324 552 339 571 α
358 532 445 588 Ego
473 528 616 572 civitas
648 525 831 573 munita,
864 536 940 580 ego
977 520 1121 563 civitas
1153 518 1361 562 obsessa'.
1383 537 1400 559 n
1426 519 1501 562 Est
1524 519 1670 563 civitas

308 601 471 644 munita
494 613 569 657 per
598 596 811 638 Christum
828 626 838 640 ,
866 600 928 634 est
950 590 1094 633 civitas
1116 590 1185 632 illa
1205 589 1468 631 Hierusalem
1484 588 1527 631 in
1541 590 1668 638 coelo,

312 672 353 714 in
386 685 466 727 qua
505 667 720 710 abundant
749 663 896 706 divinae
927 660 1032 719 legis
1066 660 1343 717 interpretes,
1377 666 1420 701 et
1450 657 1674 716 disciplina

311 740 459 800 periti:
490 754 565 797 per
587 752 658 779 eos
680 734 865 779 Verbum
887 732 964 776 Dei
986 730 1199 788 quaeritur.
1235 747 1251 769 «
1269 729 1485 782 Quaeram,
1514 729 1667 786 inquit,

311 812 383 853 »in
404 810 495 852 foro
515 827 529 847 ι»
543 807 651 850 illius
670 804 860 852 civitatis,
887 802 929 844 in
950 802 1020 844 illo
1043 800 1135 843 soro
1157 800 1231 842 ubi
1251 807 1434 842 tractant
1454 798 1550 856 jura
1566 813 1675 841 con-

311 880 424 928 sulti,
470 877 542 920 ubi
584 878 724 919 oleum
767 873 962 917 venditur
978 905 989 922 ,
1038 871 1154 928 quod
1196 869 1446 928 evangelicae
1479 868 1678 927 Virgines

314 948 504 998 emunt²,
531 955 578 990 ut
601 961 767 1004 semper
787 945 897 988 faces
924 959 1008 987 suae
1029 945 1215 991 luceant,
1237 956 1317 984 nec
1337 955 1407 984 eas
1429 940 1571 983 sumus
1592 939 1675 983 ini-

318 1020 489 1078 quitatis
509 1017 734 1076 extinguat.
754 1034 769 1056 «
786 1017 1001 1069 Quaeram,
1027 1012 1233 1070 inquit,in
1246 1011 1412 1070 plateis,
1425 1011 1498 1054 ›rin
1519 1011 1677 1069 quibus

314 1090 583 1150 superfluunt
612 1103 728 1146 aquae
760 1089 811 1130 de
831 1087 910 1129 illis
932 1085 1117 1128 sontibus
1140 1090 1480 1142 prorumpentes,
1506 1084 1558 1126 de
1579 1082 1679 1141 qui-

313 1163 392 1206 hus
410 1162 607 1204 Salomon
626 1159 727 1202 dicit
742 1173 832 1200 esse
851 1154 1126 1214 potand11m³.

372 1231 461 1274 XL.
498 1230 610 1273 Dum
633 1228 781 1287 quaerit
802 1228 928 1286 igitur
951 1226 1185 1275 Christum,
1209 1224 1369 1268 invenit
1390 1225 1588 1267 custodes
1603 1222 1680 1282 qui

313 1302 357 1344 in
375 1300 605 1343 ministerio
626 1298 764 1349 sunt⁴,
790 1298 841 1341 ab
858 1298 922 1340 his
940 1296 1127 1355 requirit.
1154 1295 1240 1338 Sed
1266 1294 1403 1338 anima
1421 1309 1513 1353 quae
1538 1295 1680 1355 Deum

315 1371 485 1429 quaerit,
513 1371 638 1413 etiam
666 1370 861 1412 custodes
884 1367 1048 1411 transit.
1080 1366 1189 1409 Sunt
1212 1366 1327 1409 enim
1353 1365 1556 1424 mysteria
1584 1378 1681 1422 quae

315 1443 442 1484 etiam
460 1440 609 1497 Angeli
626 1439 934 1497 concupiscunt
951 1437 1102 1480 videre.
1125 1438 1246 1480 Unde
1261 1437 1410 1480 Petrus
1431 1435 1489 1479 ait
1506 1450 1516 1478 :
1533 1452 1550 1473 α
1565 1434 1686 1478 Nun·

314 1512 444 1554 »tiata
467 1518 580 1558 sunt,
600 1510 750 1567 inquit,
774 1509 892 1551 vobis
911 1523 988 1566 per
1009 1523 1080 1550 eos
1093 1508 1246 1565 quibus
1267 1502 1674 1565 evangelizaverunt.

316 1601 332 1622 η
346 1581 505 1639 Spiritu
525 1588 669 1623 sancto
691 1580 818 1622 misso
841 1580 892 1621 de
913 1579 1036 1627 coelo,
1062 1577 1104 1620 in
1122 1593 1250 1635 quem
1272 1577 1582 1636 concupiscunt
1596 1575 1684 1619 An·

316 1652 427 1710 »geli
449 1650 730 1709 prospicere⁵.
752 1668 767 1690 »
791 1650 900 1707 Ergo
921 1649 993 1707 qui
1013 1648 1229 1691 transierit
1251 1649 1465 1697 custodes,
1488 1647 1683 1691 Verbum

316 1722 490 1766 invenit.
519 1720 726 1764 Transivit
754 1720 961 1770 Joannes,
987 1719 1059 1778 qui
1079 1718 1272 1764 Verbum
1290 1720 1403 1778 apud
1420 1718 1592 1761 Patrem
1612 1716 1682 1760 in-

320 1792 474 1836 venit⁶.

376 1862 485 1906 XLI.
523 1862 641 1906 Multi
665 1878 834 1921 quoquc
857 1871 955 1905 sunt
979 1862 1051 1920 qui
1069 1862 1111 1904 in
1127 1861 1214 1904 otio
1232 1851 1428 1919 quaeruht
1446 1859 1680 1911 Christum,

319 1941 362 1976 et
382 1949 467 1976 non
492 1934 732 1984 inveniunt,
756 1943 797 1976 ct
816 1933 1036 1976 inveniunt
1051 1948 1150 1976 eum
1167 1932 1210 1974 in
1226 1931 1616 1991 persecutionibus,
1640 1937 1684 1973 et

319 2004 403 2046 cito
433 2003 662 2046 inveniunt.
696 2005 749 2047 Et
768 2004 862 2047 ideo
886 2003 1004 2062 quasi
1026 2012 1122 2062 post
1141 2003 1419 2053 tentationes,
1450 2001 1547 2059 quia
1568 1999 1687 2059 peri-

320 2072 425 2114 culis
454 2071 641 2115 fidolium
671 2088 844 2116 suorum
873 2074 1021 2117 adest:
1052 2073 1222 2127 «Quam
1251 2073 1494 2123 modicum,
1527 2070 1681 2128 inquit,

318 2159 335 2181 w
351 2157 448 2184 cum
465 2142 634 2185 transivi
653 2144 703 2186 ab
720 2144 796 2193 eis,
818 2144 956 2187 inveni
971 2159 1088 2193 eum,
1105 2143 1222 2186 tenui
1245 2159 1358 2194 eum,
1379 2151 1423 2186 et
1438 2157 1526 2185 non
1544 2139 1689 2184 dimisi.

318 2228 334 2250 »
347 2211 481 2255 eum⁷.
503 2212 651 2256 Omnis
666 2213 778 2256 enim
795 2214 866 2272 qui
883 2214 1048 2273 quaerit,
1063 2214 1264 2264 invenit⁸3
1279 2232 1294 2254 n
1306 2221 1349 2257 et
1366 2213 1437 2271 qui
1456 2211 1683 2261 invenerit,

324 2281 536 2324 adhaerere
553 2283 700 2334 debet,
718 2299 770 2327 ne
786 2285 916 2343 possit
934 2285 1142 2329 amittere.

382 2350 511 2394 XLII.
547 2352 599 2394 Et
623 2354 823 2410 quoniam
853 2370 930 2413 per
959 2355 1234 2414 Evangelium
1264 2354 1308 2396 in
1338 2353 1462 2396 terris
1492 2352 1693 2395 videmus

326 2421 510 2464 coelestia
525 2424 720 2480 mysteria
742 2423 917 2483 figurata
932 2459 943 2476 ,
966 2425 1185 2468 veniamus
1203 2425 1256 2468 ad
1272 2425 1386 2467 illam
1404 2422 1597 2472 Mariam,
1618 2435 1693 2464 ve·

375 2530 384 2545 ¹
402 2522 477 2555 lsai.
493 2534 596 2563 xxvn,
613 2525 643 2555 3.
661 2543 702 2550 —
715 2536 728 2550 ⁸
753 2526 872 2560 Matth.
890 2539 966 2567 xxv,
982 2539 1014 2572 9.
1030 2546 1068 2554 -
1085 2530 1099 2552 ³
1116 2528 1213 2561 Prov.
1239 2538 1271 2567 v,
1293 2528 1343 2561 15.
1361 2545 1401 2552 --
1421 2527 1432 2551 ⁴
1449 2526 1548 2559 Cant·
1575 2534 1627 2562 ¹¹1-
1645 2523 1687 2557 δα

324 2591 367 2601 ·-
386 2578 399 2601 ⁸
420 2587 431 2608 ι
452 2577 539 2611 Pett.
558 2588 581 2616 1,
598 2589 650 2612 n.
667 2597 708 2604 —
723 2581 738 2603 θ
754 2579 852 2614 Joan.
875 2593 900 2622 ι,
921 2592 950 2615 ι.
975 2600 1014 2607 -
1034 2589 1046 2613 ⁷
1063 2582 1162 2616 Cant.
1187 2592 1237 2619 in,
1251 2582 1283 2622 4.
1296 2599 1335 2617 -,-
1353 2584 1368 2605 ⁸
1382 2579 1504 2615 Maith.
1529 2577 1638 2617 vu.8·
