1780 3120
235 369 243 374 -
298 309 399 371 296⁴
837 322 869 352 s.
908 294 1110 352 Amnosu

293 405 403 465 pulis
419 439 429 454 .
464 403 653 449 civitates
673 401 908 452 aedificant,
940 401 1013 461 qui
1043 415 1126 443 non
1144 399 1304 443 babent
1327 398 1441 442 unde
1466 393 1685 462 cauponis

295 484 418 536 potus
450 475 514 519 sui
545 474 733 534 corporis
753 473 935 533 pretium
974 473 1149 515 solvant.
1181 471 1334 514 Fervet
1353 469 1466 513 enim
1508 466 1674 514 viuum*

298 549 340 591 in
379 548 466 598 his,
504 556 547 591 et
575 547 768 590 nesciunt
805 546 907 604 quid
940 547 1187 607 loquantum
1220 543 1379 586 Divites
1420 549 1517 585 sunt
1551 542 1655 586 dum

294 619 559 670 inebriant-ut·
580 634 589 661 :
614 633 712 661 mox
734 618 804 660 ubi
830 617 971 660 vinum
995 614 1264 674 digesserint,
1286 622 1468 656 cor-nunt
1495 629 1539 658 se
1560 628 1654 657 esse

298 683 528 732 mendicos.
553 689 644 731 Uno
666 689 733 731 die
755 688 906 730 bibunt
932 688 1166 729 multorum
1190 684 1353 727 dier-um
1380 686 1564 728 labores.

357 757 509 801 XLtll.
557 758 618 801 De
639 757 852 801 ‘ebrietate
877 758 930 801 ad
964 772 1079 800 arina
1117 755 1415 814 consurgitur,
1456 754 1660 798 calicibus

302 831 383 873 tela
420 830 665 872 succedunt.
712 829 793 873 Pro
827 829 922 871 vino
966 828 1132 886 sanguis
1166 826 1423 876 effunditur,
1446 834 1488 870 ct
1525 826 1661 885 ipsum

301 900 546 958 sanguinem
581 899 674 941 vina
704 899 917 942 fuderunt.
950 899 1088 951 Quam
1114 899 1241 941 soi-tes
1272 898 1350 940 sibi
1384 897 1578 941 homines
1598 896 1664 940 xi-

302 972 457 1013 dentur
490 969 530 1011 in
574 970 692 1019 vino,
738 985 863 1026 quam
893 969 1123 1028 sapientes,
1157 985 1283 1027 quam
1326 969 1493 1018 diserti,
1534 983 1663 1026 quam

304 1042 429 1084 ctiam
448 1040 612 1099 pulchri
631 1056 678 1083 ac
696 1041 835 1084 decori
850 1074 861 1090 ,
886 1056 983 1083 cum
1003 1050 1110 1084 stare
1129 1057 1212 1083 non
1234 1041 1427 1100 possint?
1446 1041 1565 1084 Meus
1585 1055 1664 1083 ne-
1684 1066 1686 1068 -

304 1127 418 1154 cesse
441 1119 504 1154 cst
539 1111 714 1161 titubet,
754 1112 893 1168 lingua
922 1112 1152 1161 balbutiat,
1182 1113 1316 1170 pallor
1340 1110 1560 1170 exsanguis
1589 1125 1665 1154 ora

306 1182 546 1230 suffundat,
570 1182 696 1224 soetor
716 1182 930 1238 ebrietatis
954 1182 1119 1225 horrori
1143 1183 1208 1225 sit.
1240 1182 1414 1226 Barbari
1438 1182 1481 1225 in
1503 1183 1665 1225 serrum

305 1260 432 1295 ruunt
461 1250 537 1308 (52
567 1251 629 1294 bis
643 1254 657 1309 )
673 1286 683 1301 ,
705 1254 852 1311 vulgus
871 1252 913 1294 in
935 1254 1055 1296 rixas.
1085 1252 1126 1296 Si
1145 1253 1237 1311 quis
1255 1269 1402 1296 eorum
1422 1268 1563 1312 pugno
1581 1253 1666 1296 sue-

307 1322 362 1364 rit
397 1338 644 1381 percussus,
691 1322 829 1366 videas
866 1339 937 1366 ora
978 1324 1169 1366 saucium
1204 1324 1287 1366 viui
1322 1326 1530 1383 lacrymas
1567 1323 1668 1369 sun-

309 1394 429 1442 der-e,
473 1393 731 1437 miserabiles
763 1394 949 1453 epilogos
986 1395 1222 1437 decantare.
1253 1395 1389 1437 Habet
1416 1409 1548 1437 unum
1584 1391 1691 1439 hoc*

307 1464 579 1513 temulentia,
605 1472 651 1506 ιιι
670 1464 857 1507 emolliat
877 1473 919 1507 ct
948 1466 1127 1508 resolvat
1152 1466 1280 1508 corda
1313 1466 1662 1509 temulentorum.

307 1533 426 1577 Sicut
446 1535 558 1577 enim
581 1535 685 1593 ignis
713 1536 861 1594 probat
882 1535 1039 1578 serrum
1064 1537 1218 1578 durum
1233 1570 1243 1584 ‚
1267 1535 1322 1578 ita
1345 1544 1388 1578 ot
1410 1535 1495 1578 vini
1525 1536 1670 1580 incon·
1693 1564 1697 1568 -

311 1603 379 1646 dio
402 1605 527 1646 etiam
549 1606 827 1662 superborum
850 1606 1070 1648 hominum
1095 1622 1169 1649 cor
1185 1606 1392 1664 liquescit.

368 1673 518 1718 XLIV.
545 1675 703 1718 Omnes
720 1676 796 1718 sibi
820 1677 916 1719 vino
946 1679 1126 1734 {equales
1151 1677 1371 1727 videntur,
1395 1678 1538 1721 nullus
1561 1676 1671 1720 inse-

309 1744 406 1787 τῖον.
440 1744 533 1788 Non
550 1761 710 1805 pauper
730 1746 788 1789 dii
801 1746 845 1789 iti
863 1748 997 1797 cedit,
1026 1756 1171 1806 utpote
1182 1737 1256 1806 'qui
1276 1764 1505 1807 pauperem
1519 1763 1563 1792 se
1579 1763 1671 1792 osse

309 1814 442 1856 nescit
461 1829 471 1856 :
497 1815 785 1859 noninlirmus
807 1817 966 1868 valido,
988 1819 1057 1861 cui
1079 1819 1216 1862 omnis
1234 1819 1275 1861 in
1295 1819 1482 1862 bibendo
1504 1826 1568 1862 ost
1584 1818 1672 1863 fot·-

308 1885 441 1927 titudo
462 1901 472 1928 :
497 1901 582 1928 non
603 1888 824 1930 mendicus
847 1889 1078 1947 locupleti,
1099 1905 1183 1932 non
1211 1887 1407 1948 ignobilis
1434 1889 1667 1940 honorat&

309 1971 405 1998 cum
427 1957 623 2009 libentes,
650 1958 768 2001 illum
792 1975 935 2017 regem
958 1960 1144 2003 habeant
1159 1993 1170 2009 ,
1197 1961 1270 2018 qui
1291 1960 1478 2003 bibendo
1501 1974 1672 2020 supera·

308 2027 411 2068 verit
428 2036 613 2071 caetoros.
642 2029 876 2087 Meritoque
898 2030 1104 2089 scriptum
1129 2039 1193 2074 est
1208 2047 1217 2073 :
1235 2049 1251 2070 α
1272 2031 1461 2090 AEqualis
1481 2032 1566 2076 vita
1589 2031 1648 2076 ho
1662 2057 1673 2067 ε

310 2119 322 2135 n
337 2097 521 2141 minibus
544 2099 689 2141 vinum
720 2100 763 2142 in
789 2100 1032 2144 ebrietate¹.
1056 2120 1072 2141 »
1093 2101 1177 2145 Sed
1196 2102 1359 2146 utinam
1385 2111 1428 2146 et
1463 2104 1579 2162 quod
1603 2119 1673 2147 sc-

307 2168 449 2226 quitur
472 2170 637 2212 audire-s
661 2186 671 2212 ε
689 2188 705 2209 α
726 2171 854 2214 Bibas
875 2172 983 2215 illud
1003 2175 1243 2224 moderate,
1266 2181 1313 2216 ut
1335 2173 1390 2216 sis
1413 2174 1580 2218 sobrius
1591 2174 1622 2218 ².
1638 2192 1655 2215 ι

307 2240 397 2282 Nou
426 2240 558 2283 habes
578 2243 693 2299 quod
726 2257 898 2285 accuses
917 2258 927 2285 :
956 2243 1104 2286 vinum
1127 2244 1169 2286 in
1186 2244 1455 2302 jucunditate
1475 2254 1668 2289 creatum

305 2320 387 2360 est,
412 2327 494 2354 non
518 2312 560 2354 in
591 2312 797 2356 ebrietate
818 2314 870 2357 ab
898 2314 1029 2357 initio.
1057 2315 1270 2359 Exultatio
1288 2315 1439 2358 animae
1459 2323 1504 2360 et
1531 2315 1672 2360 cordis

304 2391 387 2429 est,
411 2383 442 2425 si
465 2383 683 2427 moderate
698 2384 843 2427 bibas:
863 2385 1158 2428 immoderatio
1181 2393 1323 2430 autem
1353 2394 1479 2446 potus
1504 2386 1673 2437 iracun-

300 2453 412 2495 diam
429 2453 636 2504 concitat,
662 2463 705 2497 et
727 2455 873 2499 ruinas
894 2457 1050 2500 multas
1070 2455 1214 2501 efficit.

354 2522 481 2567 XLV.
513 2523 596 2568 Sed
616 2524 723 2569 sot-te
746 2526 890 2572 dicant
908 2527 984 2572 has
1001 2543 1092 2572 esse
1110 2528 1350 2588 potationes
1371 2529 1612 2590 vulgarium
1628 2537 1678 2579 et

297 2593 600 2638 levissimorum
626 2595 873 2655 hominum,
893 2597 1122 2644 Veniamus
1139 2615 1240 2658 ergo
1264 2602 1318 2644 ad
1337 2601 1497 2647 horum
1513 2609 1677 2660 putenm

352 2691 359 2705 ³
376 2683 474 2718 Eecli.
493 2697 581 2728 xxxi,
594 2686 646 2721 52.
660 2706 700 2713 --
716 2699 728 2714 ⁸
750 2688 834 2722 thid.
