1780 3120
353 236 437 299 ‘175
900 237 932 266 s.
971 235 1164 266 sunaosu

346 328 479 389 qualis
496 331 630 368 esset:
656 319 779 378 cujus
796 330 969 360 crucem
984 311 1322 371 obstupescentis
1343 310 1515 356 semoris
1532 314 1715 360 latitudo

346 398 557 459 signabat3
585 408 636 436 eo
659 391 774 449 quod
795 387 943 431 diffusa
969 400 1046 444 per
1065 384 1312 426 universum
1335 385 1548 427 mundum
1569 386 1718 431 remis·

347 470 463 514 sione
503 462 689 524 peccati,
726 456 917 502 salutaris
945 455 1054 499 soret
1083 455 1305 504 omnibus,
1342 455 1414 513 qui
1439 463 1613 515 stupore
1651 458 1717 502 sui

346 536 535 597 corporis
549 550 596 578 ae
619 547 770 591 sopore
792 527 1148 579 resurrectionem
1166 526 1373 570 tribueret
1394 527 1713 574 defunctorumt

349 610 471 654 Unde
494 622 579 651 non
611 602 822 647 immerito
842 607 1014 642 exortus
1050 606 1115 642 est
1138 599 1200 641 sol
1223 605 1370 641 sancto
1401 597 1538 642 Jacob
1554 633 1566 650 ,
1590 599 1717 657 cujus

349 679 494 741 generi
532 692 636 721 crux
662 672 833 718 Domini
869 670 1063 714 salutaris
1099 669 1237 713 illuxit
1270 685 1280 712 ε
1307 670 1433 714 simul
1453 671 1551 728 quia
1573 669 1648 714 Sol
1675 671 1718 715 ei

348 751 485 795 oritur
522 746 712 807 justitiae,
752 743 825 801 qui
856 742 995 787 Deum
1021 740 1179 791 cernit,
1216 740 1315 798 quia
1350 739 1441 799 ipse
1469 748 1536 785 est
1570 741 1720 784 lumen

348 829 567 864 aeternum.

403 887 567 934 XXXI.
607 882 870 928 claudicavit
893 889 1035 925 autem
1054 880 1190 924 Jacob
1210 897 1232 924 a
1254 881 1418 925 femore
1435 895 1512 924 suo
1532 896 1543 924 :
1560 898 1576 921 α
1590 881 1723 941 Prop-

344 978 362 1002 ιι
376 968 440 1004 ter
460 958 542 1001 hoc
569 970 654 998 non
675 954 938 996 manducant
960 951 1174 1009 hodieque
1195 950 1271 994 filii
1303 952 1434 994 lsrael
1453 950 1669 995 nervum&
1691 969 1711 993 ιι

345 1030 516 1074 Utinam
535 1026 860 1069 manducassent
887 1031 931 1066 et
952 1022 1245 1066 credidissent.
1275 1021 1361 1064 Sed
1382 1022 1478 1080 quia
1498 1030 1724 1066 non-terant

348 1099 502 1146 facturi
522 1100 779 1141 voluntatem
799 1094 894 1144 Dei,
919 1094 1013 1137 ideo
1036 1108 1123 1136 non
1141 1094 1526 1138 manducaverunt.
1553 1094 1662 1137 Sunt
1678 1102 1723 1137 et

351 1172 423 1230 qui
446 1171 502 1213 ita
534 1168 760 1226 accipiant,
788 1165 904 1223 quod
926 1164 1023 1207 ideo
1046 1162 1347 1207 claudicaverit
1370 1164 1423 1207 ab
1450 1179 1537 1206 uno
1558 1163 1722 1207 femore

348 1243 500 1292 Jacob,
524 1241 620 1299 quia
644 1238 811 1282 duobus
831 1235 1002 1295 populis
1023 1251 1077 1278 ex
1098 1234 1192 1294 ejus
1214 1235 1488 1293 generatione
1508 1234 1725 1278 mananti-

350 1313 445 1362 bus,
470 1311 593 1354 unius
617 1307 867 1367 stuporjam
887 1315 992 1349 tunc
1015 1306 1130 1348 circa
1154 1304 1253 1349 fidei
1275 1305 1453 1364 gratiam
1475 1306 1725 1348 declaraba-

348 1393 418 1428 tur
447 1383 627 1426 futurus.
662 1380 757 1439 Ipse
785 1386 849 1422 est
880 1393 981 1437 ergo
1010 1378 1194 1437 populus
1221 1377 1294 1436 qui
1327 1386 1500 1437 stupore
1529 1375 1725 1436 pcrfidiae

350 1453 612 1501 claudicavit.
1591 1446 1599 1449 ”

405 1523 589 1570 XXXII.
615 1522 807 1580 Denique
841 1534 928 1564 non
959 1520 1096 1563 multo
1128 1527 1225 1578 post
1247 1519 1554 1563 revelationem
1578 1518 1726 1563 istius-

344 1595 577 1640 modicum
601 1602 712 1638 esset
732 1594 784 1637 ab
808 1592 1052 1650 alienigena:
1074 1589 1163 1634 silio
1182 1590 1291 1633 Dina
1314 1589 1400 1634 filia
1420 1589 1557 1634 Jacob
1582 1590 1725 1634 deflo-

346 1674 439 1709 rato
467 1664 715 1722 virginitatis
746 1664 910 1722 pudore
949 1669 1177 1711 temerata,
1215 1661 1366 1705 fratres
1400 1659 1492 1720 ejus
1527 1661 1602 1720 qui
1633 1675 1725 1704 non

346 1736 644 1780 intellexerunt
665 1734 937 1793 mysterium,
971 1733 1226 1791 alienigenas
1247 1732 1318 1791 qui
1349 1733 1594 1776 societatem
1617 1731 1726 1776 fidei

343 1819 423 1865 per
452 1803 799 1862 conjunctionem
834 1804 1000 1863 generis
1039 1803 1277 1847 offerebant
1294 1836 1305 1854 ,
1347 1802 1545 1847 vindictae
1575 1802 1725 1846 studio

343 1884 629 1936 peremerunt.
663 1876 798 1920 Jacob
822 1884 966 1920 autem
994 1875 1069 1935 qui
1095 1875 1247 1919 morali
1271 1874 1599 1918 mansuetudine
1627 1874 1720 1935 cleu

343 1946 547 1989 mentiam
564 1946 765 2005 diligebat
783 1980 794 1996 ,
812 1947 879 1989 vel
895 1945 1077 2004 mystico
1097 1945 1249 2005 spiritu
1270 1953 1586 1988 sacramentum
1610 1955 1720 1988 con-

343 2017 564 2074 grcgandae
588 2031 639 2059 ex
661 2017 858 2075 gentibus
874 2016 1134 2076 praevidebat
1149 2015 1375 2065 Ecclesiae,
1409 2014 1563 2058 invitus
1584 2022 1627 2058 ct
1646 2015 1721 2057 do·

342 2086 479 2129 lenter
510 2101 680 2130 scenam
711 2087 826 2130 illam
859 2096 1016 2131 exactoe
1050 2086 1221 2130 ultionis
1260 2086 1424 2146 accepit
1445 2085 1555 2143 (28).
1595 2086 1719 2128 Unde

341 2156 612 2215 prophetanti
630 2158 858 2201 adventum
873 2158 1045 2202 Domini
1061 2158 1087 2201 J
1090 2174 1164 2201 esu
1181 2172 1430 2217 responsum
1446 2156 1635 2200 divinum
1652 2162 1719 2199 est

342 2226 489 2269 datum
509 2242 519 2269 τ
541 2244 558 2266 α
579 2227 797 2286 Exurgens
827 2230 1008 2273 ascende
1047 2229 1090 2272 in
1125 2231 1272 2273 locum
1303 2227 1498 2278 BetheP,
1516 2227 1630 2270 »hoc
1652 2231 1719 2269 ese

338 2294 382 2338 in
420 2298 595 2340 domum
620 2298 738 2358 panis
754 2332 766 2349 ,
801 2300 875 2343 ubi
897 2308 1022 2343 natus
1044 2309 1107 2344 cst
1130 2300 1347 2350 Christus,
1377 2298 1487 2342 sicut
1513 2296 1718 2355 Michaea·

339 2366 546 2424 propheta
579 2376 753 2413 testatus
789 2378 854 2413 est
883 2371 1087 2415 dicenst«
1113 2371 1167 2414 Et
1202 2379 1250 2414 tu
1269 2369 1523 2414 Bethlehem
1563 2368 1718 2411 domus

341 2433 555 2493 »Ephrata
575 2453 660 2481 non
682 2455 726 2482 es
748 2440 921 2485 minima
938 2475 950 2493 ,
990 2451 1038 2486 ut
1059 2441 1246 2500 sis'inter
1265 2439 1485 2501 principes
1499 2437 1525 2482 J
1530 2438 1626 2480 uda'.
1654 2436 1720 2480 Ex

343 2507 416 2548 »te
434 2505 547 2549 enim
565 2508 677 2552 exiet
699 2511 896 2571 princeps
918 2513 1048 2558 lsrael
1062 2547 1074 2565 ,
1102 2522 1145 2559 et
1161 2526 1354 2574 egressus
1374 2510 1470 2572 ejus
1488 2509 1542 2554 ab
1565 2507 1723 2558 initio,-

388 2601 397 2640 9
416 2596 499 2631 Gen.
513 2609 619 2643 xxxn,
638 2599 689 2636 δι.
711 2619 752 2628 -
770 2612 783 2629 ·
800 2603 853 2640 Id.
870 2615 971 2647 xxxv,
991 2615 1021 2640 ι.
