1780 3120
407 278 455 305 nr.
492 278 583 305 nm
620 271 671 304 ετ
707 272 882 303 sensio.
911 256 1037 301 'nnn
1070 271 1185 301 usos.
1387 253 1470 299 313

116 357 210 403 Non
231 355 328 400 novi
348 370 481 415 opera¹
503 364 599 404 tua,
622 353 728 397 nihil
752 361 872 396 tuum
887 366 1032 410 quaero
1048 384 1059 399 ,
1077 350 1182 394 nihil
1204 358 1323 394 tuum
1338 350 1471 409 possi-

116 428 220 476 deo,
245 425 351 470 nihil
373 434 493 469 tuum
523 424 732 469 desidero.
762 423 935 476 Quanto
962 420 1096 479 magis
1113 435 1191 463 nos
1212 429 1379 478 oportet
1403 434 1472 462 se·-

112 496 251 556 parari
267 510 288 538 a
306 495 494 545 diabolo,
515 495 550 538 si
565 509 611 538 se
629 493 699 538 ille
714 492 918 537 discernit
937 506 961 535 a
979 490 1177 534 Christo?
1196 491 1247 533 132
1268 491 1302 533 si
1316 490 1474 533 suimus

113 566 153 610 ei
174 566 217 610 in
234 565 374 624 aliquo
394 565 591 614 obnoxii,
608 564 694 622 jam
716 579 802 607 non
823 577 970 606 sumus
988 577 1000 603 ε
1018 560 1285 620 confugimus
1308 560 1362 603 ad
1381 573 1477 602 me-

113 636 275 686 dicum,
291 637 465 686 vulnera
487 635 703 695 superiora
719 633 894 678 curavit.
914 632 969 676 Et
983 632 1018 675 si
1034 631 1135 691 quid
1151 638 1344 690 superest
1359 645 1474 674 acer-

111 707 277 758 bitatis,
314 708 478 751 medela
509 722 596 750 non
624 705 774 751 deerit.
806 704 860 748 Et
887 704 922 747 si
948 703 1053 763 quid
1074 701 1239 760 injuriae
1264 701 1468 750 fecimus.

111 791 278 820 memor
306 792 391 820 non
422 777 504 820 erit
533 777 605 836 qui
635 777 767 820 semel
795 775 978 818 donavit.
1002 773 1058 817 Et
1076 773 1110 816 si
1131 771 1273 832 gravia
1294 772 1472 830 deliqui-

110 861 230 898 mus,
252 851 454 908 magnum
474 847 690 891 medicum
716 846 978 895 invenimus,
998 859 1196 904 magnam
1217 842 1473 887 medicinam

109 917 253 976 gratiae
268 917 360 976 ejus
377 918 633 976 accepimus.
655 917 800 977 Magna
815 917 930 960 enim
945 915 1155 960 medicina
1172 914 1282 958 tollit
1294 921 1470 974 peccata

109 1001 274 1046 magna.

167 1056 362 1102 LXXVI.
389 1058 607 1102 Habemus
641 1059 770 1102 etiam
800 1059 922 1118 plura
953 1056 1162 1107 subsidia,
1192 1055 1347 1115 quibus
1367 1071 1469 1112 pec·

108 1135 201 1171 cata
221 1137 363 1171 nostra
390 1129 661 1172 redimamus.
691 1129 922 1172 Pecuniam
946 1129 1100 1178 habes,
1133 1127 1295 1171 redime
1315 1141 1465 1185 peeca-

107 1207 251 1242 catum
281 1205 418 1242 tuum.
436 1199 530 1244 Non
548 1200 705 1242 venalis
725 1207 791 1243 est
805 1198 1029 1248 Dominus,
1047 1200 1122 1242 sed
1138 1207 1185 1241 tu
1204 1198 1295 1256 ipse
1311 1197 1468 1240 venalis

106 1283 166 1311 es.
190 1267 381 1312 Peccatis
395 1269 479 1311 tuis
496 1271 778 1313 venumdatus
797 1277 884 1319 est,
907 1269 1069 1312 redime
1087 1276 1131 1312 te
1150 1266 1350 1326 operibus
1363 1266 1461 1314 tuis.

106 1337 269 1381 redime
284 1347 327 1381 te
347 1340 526 1398 pecunia
548 1348 634 1383 tua.
657 1339 763 1384 Vilis
786 1340 965 1399 pecunia
981 1372 995 1390 ,
1018 1341 1092 1383 sed
1106 1337 1291 1399 pretiosa
1307 1346 1373 1381 ost
1390 1337 1466 1380 mi-

106 1407 346 1452 sericordia.
364 1427 383 1449 ι
408 1410 687 1469 Eleemosyna
702 1443 714 1460 ,
743 1410 903 1468 inquit,
935 1425 959 1452 a
987 1420 1165 1468 peccato
1203 1405 1397 1451 liberat¹.
1433 1425 1450 1446 ι
1493 1443 1498 1447 .

106 1478 159 1521 Et
193 1478 293 1522 alibi
319 1480 423 1523 dicit
458 1495 508 1522 z«
538 1481 790 1539 Redemptio
816 1479 926 1529 viri,
954 1479 1109 1522 divitiae
1143 1478 1237 1537 ejus
1247 1477 1279 1521 ².
1307 1477 1391 1520 »Et
1419 1475 1463 1518 in

105 1547 331 1607 Evangelio
350 1549 559 1593 Dominus
580 1549 685 1593 dicit
703 1566 747 1591 z«
763 1550 911 1593 Facite
928 1550 1050 1593 vobis
1067 1549 1227 1592 amicos
1246 1547 1300 1591 de
1323 1561 1461 1590 mam-

105 1632 262 1661 »mona
294 1618 526 1677 iniquitatis
544 1619 576 1663 ³.
616 1638 635 1660 ι
656 1619 711 1662 Et
743 1634 908 1663 veneno
938 1619 1182 1677 frequenter
1225 1617 1463 1660 antidotum

104 1694 381 1747 temperatur,
400 1689 484 1733 hoc
502 1698 582 1740 est,
602 1705 813 1733 venenum
833 1705 997 1733 veneno
1010 1689 1265 1733 excluditur.
1290 1687 1466 1732 Veneno

103 1771 220 1815 mors
250 1760 470 1819 repellitur
483 1793 496 1809 ,
516 1761 602 1804 vita
621 1769 825 1804 servatur.
846 1760 935 1804 Fac
949 1768 993 1804 et
1010 1769 1056 1804 tu
1071 1759 1191 1819 quasi
1211 1759 1351 1803 bonus
1377 1757 1464 1801 dis-

102 1838 307 1887 pensator
319 1830 373 1874 de
387 1830 671 1889 instrumento
688 1831 871 1875 avaritiae
890 1830 1130 1874 subsidium
1145 1829 1461 1877 misericordiae,

103 1898 356 1944 sinceritatis
374 1902 554 1960 gratiam
575 1903 629 1946 de
650 1901 937 1962 corruptionis
956 1901 1171 1944 illecebra.

150 2006 264 2043 vroh.
282 2009 785 2052 xu,9.—·Prov.xm,8·-
807 2009 917 2045 uae.
935 2019 1057 2052 xum.
