1780 3120
423 214 477 244 1>ss
509 213 629 243 1sAAc
663 213 718 244 ΒΤ
751 213 898 243 amus.
937 214 1060 244 mann
1092 214 1209 245 lmus.
1447 217 1504 261 29

137 300 210 336 tur
230 305 380 351 sponsa
397 323 409 340 ,
434 305 486 333 eo
508 291 624 348 quod
643 290 794 334 hortus
815 290 891 341 sit,
914 291 1077 335 habens
1099 292 1142 335 in
1164 307 1208 336 se
1222 294 1399 337 odorem
1416 294 1503 353 agri

137 362 250 407 illius
275 361 413 421 pleni,
436 361 490 404 de
510 377 596 420 quo
617 362 721 405 dicit
742 362 861 405 Isaac
883 378 928 404 ει
952 362 1073 406 Odor
1095 362 1171 406 filii
1193 364 1278 407 mei
1299 373 1500 424 tanquam

137 433 275 476 sodor
296 431 381 490 agri
404 430 517 490 pleni
536 431 567 474 ¹.
594 431 741 476 »Bona
762 447 864 491 ergo
886 432 1025 476 anima
1053 432 1203 491 flagrat
1228 435 1359 478 odore
1379 435 1506 494 justi-

137 501 220 548 tiae.
241 502 294 545 Et
306 501 481 546 sortasse
497 517 597 561 ager
616 511 682 546 est
697 502 967 554 Patriarcha3
985 503 1136 547 hortus
1150 513 1214 547 est
1236 506 1374 548 anima
1396 505 1506 549 inse-

136 571 260 615 rioris
294 572 499 630 alicujus,
534 573 653 631 quasi
685 573 773 632 agri
807 574 970 632 portio;
994 582 1038 617 et
1058 573 1205 618 hortus
1235 577 1424 627 clausus,
1450 593 1504 620 ne

134 643 381 687 incursetur
397 658 420 686 a
442 643 613 694 bestiis;
632 652 675 687 et
689 644 784 687 sons
799 644 989 703 signatus
1005 660 1098 703 quae
1118 645 1358 704 integritate
1372 646 1507 705 signa-

134 713 225 757 culi
251 713 648 771 perseverantiaque
668 713 771 757 fidei
794 715 966 774 propria
990 724 1164 774 peccata
1187 716 1368 759 diluerit.
1397 715 1505 760 Nam

131 797 232 841 quae
253 784 307 826 de
330 783 521 827 Ecclesia
549 785 738 843 accepit,
765 785 898 828 habet
917 786 1032 843 quod
1062 786 1117 828 ad
1139 786 1386 845 virginitatis
1406 802 1504 846 gra-

136 852 243 896 tiam
259 852 436 903 reseram
459 869 511 897 eo
533 856 649 912 quod
667 854 710 897 in
727 856 921 914 paradiso
944 857 1237 899 delectationis
1258 858 1391 915 posita
1413 859 1502 900 sinc

131 922 281 966 labore
293 923 457 967 fructus
474 924 613 981 capiat
627 924 851 983 spiritales,
871 933 919 969 ut
935 927 974 969 ei
991 926 1334 970 Patriarcharum
1352 929 1502 971 animae

137 992 268 1036 rurali
289 995 475 1051 quodam
495 994 643 1038 labore
661 995 826 1038 fruetus
846 1012 945 1039 suos
967 997 1211 1047 conserant,
1231 1013 1315 1055 quo
1338 998 1417 1041 ista
1437 1014 1504 1041 ca-

135 1077 238 1122 pere
258 1064 389 1122 possit
410 1073 658 1123 perpetuam
688 1065 952 1109 suavitatem.
979 1066 1086 1118 Quae
1117 1067 1269 1110 merito
1303 1068 1398 1111 sons
1423 1069 1508 1127 sig-

137 1141 263 1176 natus
283 1133 453 1183 dicitur,
477 1149 529 1177 eo
560 1135 676 1192 quod
694 1134 933 1194 imagorDei
959 1136 1178 1179 invisibilis
1198 1138 1243 1180 in
1274 1138 1343 1180 illa
1362 1139 1504 1197 expri-

136 1212 294 1247 matur.
327 1203 523 1247 Laudant
551 1204 679 1246 ctiam
706 1220 884 1248 munera
916 1206 1065 1248 animae
1087 1222 1181 1264 quae
1205 1207 1331 1250 missa
1360 1216 1457 1251 sunt
1480 1224 1503 1252 a

137 1290 320 1333 sponso,
355 1275 509 1331 quibus
540 1275 683 1319 dotata
714 1277 924 1320 veniebat.
964 1277 1052 1320 Dos
1078 1285 1220 1321 autem
1251 1279 1330 1337 piae
1356 1279 1507 1322 animae

135 1345 240 1389 boni
259 1347 409 1388 odores
438 1354 561 1396 suut,
592 1347 794 1405 myrrha,
826 1349 942 1398 aloe,
966 1363 1164 1399 crocum,
1190 1348 1345 1407 quibus
1370 1350 1502 1408 spirat

139 1415 368 1459 hortorum
388 1416 546 1475 gratia,
565 1426 609 1460 et
629 1427 906 1476 peccatorum
928 1418 1054 1461 foetor
1069 1419 1276 1462 aboletur.

194 1485 352 1530 XLIX.
366 1486 514 1544 Itaque
529 1495 647 1530 tanto
663 1503 812 1531 secura
828 1488 1041 1547 praeconio
1058 1488 1359 1547 conquiescere
1374 1489 1503 1547 Aqui=

138 1557 281 1600 Ionem
310 1572 480 1615 gravem
501 1565 676 1601 ventum
701 1559 831 1617 petit,
864 1574 918 1602 ne
946 1559 1073 1603 flores
1099 1559 1321 1610 discutiat,·
1345 1561 1504 1619 spirare

138 1636 332 1671 austrum
347 1627 382 1677 ²,
414 1628 459 1671 id
485 1637 572 1678 est,
605 1631 697 1672 vult
724 1630 922 1688 hyemem
953 1630 1192 1689 praeterire,
1227 1639 1270 1674 et
1301 1632 1505 1675 mollioris

137 1697 264 1748 ssatus
302 1714 476 1742 vernare
513 1700 778 1758 temperiem.
821 1701 976 1744 Invitat
1014 1716 1218 1760 sponsum
1256 1701 1300 1744 in
1330 1702 1504 1745 hortum

138 1767 307 1812 suum'.
337 1769 570 1815 Descendit
590 1786 800 1829 sponsus,
828 1779 871 1814 et
900 1771 1117 1815 fructuum
1150 1771 1243 1830 ejus
1265 1772 1504 1816 diversitate

137 1840 397 1890 delectatus,
433 1840 599 1883 laetatur
620 1842 737 1898 quod
759 1838 974 1885 invenerit
990 1843 1210 1886 fortiorem
1242 1843 1386 1886 cibum
1402 1876 1413 1894 ,
1438 1843 1506 1886 in-

138 1909 303 1954 venerit
334 1909 463 1953 etiam
496 1911 745 1954 dulciorem.
779 1911 855 1955 Est
883 1912 998 1955 enim
1032 1913 1149 1956 velut
1179 1911 1299 1971 panis
1329 1912 1504 1970 quidam

139 1979 261 2023 verbi
276 1987 321 2022 et
333 1980 421 2023 mel
438 1995 449 2022 :
465 1980 571 2022 alius
590 1980 899 2030 vehementior,
917 1981 1022 2024 alius
1036 1981 1248 2024 suasorius
1260 1995 1411 2024 sermo.
1432 1981 1508 2025 Est

138 2058 186 2094 et
204 2049 310 2093 fides
331 2050 411 2092 alia
427 2049 674 2101 ferventior,
695 2059 744 2094 ut
759 2051 905 2094 vinum
929 2066 940 2094 :
965 2051 1043 2094 alia
1065 2050 1261 2102 lucidior,
1283 2060 1332 2094 ut
1351 2066 1504 2094 succus

138 2127 207 2163 est
233 2118 371 2162 lactis.
401 2119 526 2162 Hunc
554 2119 701 2163 cibum
731 2119 925 2164 Christus
945 2122 1142 2179 epulatur
1172 2121 1216 2164 in
1240 2120 1386 2171 nobis,
1421 2121 1505 2164 hoc

139 2180 351 2253 poculum
385 2189 516 2240 bibit,
545 2198 588 2234 et
608 2190 701 2248 ejus
721 2199 846 2249 potus
866 2191 1072 2255 ebrietate
1098 2206 1175 2234 nos
1202 2198 1431 2250 provocat,-
1460 2199 1505 2234 ut

143 2258 201 2301 ad
219 2258 395 2302 meliora
410 2267 454 2303 et
467 2261 627 2318 optima
654 2260 707 2302 ab
728 2259 1000 2305 inferioribus
1019 2261 1225 2306 faciamus
1240 2275 1472 2305 excessum.

193 2357 203 2374 ¹
223 2333 430 2390 oenssxxvnss
447 2363 551 2395 27.-—
566 2360 579 2376 ¹
594 2352 691 2386 Cant.
707 2363 753 2392 xv,
771 2353 823 2388 16.
841 2372 884 2380 —
898 2355 911 2377 ³
931 2353 982 2388 ld.
1001 2365 1033 2394 v,
1050 2364 1079 2389 ι.
