1780 3120
307 229 402 285 348<
855 221 892 272 ἐς
923 238 1121 274 ,ΛΜηοεῐι

307 339 392 368 non
412 324 538 366 datur
558 312 768 364 nobilitati
786 322 924 379 palma
937 354 948 370 ‚
967 324 1042 365 sed
1062 320 1220 366 cursui.
1247 318 1489 365 Deformior
1508 326 1574 364 est
1586 315 1672 364 vie-

309 403 398 443 tus,
421 392 463 434 in
484 406 568 449 quo
591 398 633 433 et
653 389 852 433 nobilitas
875 391 1042 449 generis
1062 392 1339 450 periclitatur.
1370 391 1502 442 Cave,
1526 389 1670 451 igitur,

310 463 443 512 dives,
470 476 524 504 ne
555 460 599 503 in
626 467 669 503 te
694 460 948 503 erubescant
979 469 1154 504 tuorum
1183 462 1334 505 merita
1353 461 1589 519 majorum,
1618 473 1675 504 ne

306 533 415 577 sorte
431 540 474 576 et
486 531 568 575 illis
584 531 751 575 dicatur
770 546 780 573 :
796 548 813 570 α
830 530 918 573 Cur
934 533 1065 575 talem
1082 531 1336 582 instituistis,
1356 532 1576 574 curtalem
1593 530 1676 573 ele⁴

310 605 425 663 gistis
445 592 687 646 h‘aeredem?
709 602 803 646 Non
830 601 874 644 in
897 603 1053 646 auratis
1074 603 1371 660 laquearibus,
1405 617 1484 645 nec
1507 603 1548 644 in
1574 616 1675 660 por-

311 674 543 734 phyreticis
558 673 733 717 orbibus
751 672 932 715 haeredis
950 681 1013 715 est
1033 673 1249 716 meritum.
1278 673 1389 717 Laus
1405 672 1482 715 ista
1504 686 1587 714 nou
1604 671 1677 714 ho·

309 745 489 794 minum,
510 746 585 787 sed
599 743 870 786 metallorum
886 751 966 792 est,
985 742 1028 785 in
1044 743 1199 801 quibus
1216 742 1412 786 homines
1425 742 1686 800 puniuntur„

306 816 387 859 Per
409 823 580 873 egentes
606 828 758 856 aurum
779 813 1000 870 quaeritur,
1022 821 1064 856 et
1085 813 1308 872 egentibus
1329 814 1576 871 denegatur.
1601 811 1678 856 La·

306 884 460 927 borant
484 892 532 926 ut
561 891 775 941 quaerant,
807 883 1002 927 laborant
1028 893 1075 927 ut
1104 884 1347 934 inveniant,
1379 885 1496 942 quod
1521 882 1681 926 habere

310 970 395 999 non
413 962 585 998 norunt.

369 1026 454 1071 LV.
485 1026 615 1071 Miror
638 1034 779 1070 tamen
801 1041 880 1069 cur
903 1041 956 1070 eo
977 1041 1072 1078 vos,
1108 1027 1281 1077 divites,
1312 1026 1535 1085 jactandos
1555 1032 1682 1084 pute*
1720 1066 1733 1074 ,

315 1097 367 1141 tis
380 1131 392 1147 ,
416 1112 516 1140 cum
534 1112 685 1140 aurum
701 1097 877 1141 materia
894 1098 1028 1156 magis
1044 1097 1306 1149 offensionis,
1327 1113 1455 1156 qnam
1472 1110 1685 1140 commen-

313 1169 493 1214 dationis
512 1169 646 1228 gratia
668 1169 733 1213 sit.
760 1169 942 1228 Lignum
968 1170 1082 1213 enim
1102 1169 1347 1214 offensionis
1368 1177 1432 1212 'est
1450 1177 1494 1212 et
1513 1182 1681 1217 aurum,

310 1248 353 1284 et
371 1256 432 1283 vae
455 1240 504 1282 iis
525 1240 596 1298 qui
621 1247 838 1283 sectantur
861 1239 989 1283 illud!
1019 1240 1215 1298 Denique
1234 1239 1537 1289 benedicitur«
1556 1236 1684 1282 Dives

314 1329 332 1352 n
345 1311 416 1369 qui
433 1311 628 1353 inventus
644 1317 707 1352 est
724 1309 812 1352 sine
827 1311 1008 1360 macula,
1027 1318 1070 1353 ct
1087 1310 1159 1368 qui
1178 1318 1274 1369 post
1289 1324 1440 1354 aurum
1455 1324 1540 1353 non
1558 1308 1682 1357 abiit,

316 1396 426 1424 »nec
448 1381 630 1440 speravit
652 1381 695 1423 in
715 1380 909 1439 pecuniae
931 1380 1140 1423 thesauris
1158 1380 1188 1423 ¹.
1211 1399 1227 1421 »
1241 1380 1324 1423 Sed
1341 1379 1461 1438 quasi
1481 1379 1515 1422 is
1537 1378 1687 1437 cogni—

316 1459 385 1494 tus
402 1466 492 1494 csse
508 1466 592 1494 non
610 1451 740 1510 possit
756 1483 767 1498 ,
780 1466 878 1495 eum
897 1450 976 1493 sibi
994 1450 1206 1494 desiderat
1223 1449 1504 1494 demonstrari
1524 1464 1535 1492 z
1553 1447 1687 1503 «Quis

315 1528 408 1565 »est
436 1520 529 1570 hic,
554 1520 692 1578 inquit
708 1552 721 1570 ,
745 1528 788 1563 ct
808 1521 1077 1564 laudabimus
1100 1520 1254 1571 eum²;
1282 1520 1411 1564 »fecit
1432 1519 1547 1562 enim
1572 1517 1689 1577 quod

315 1592 460 1636 mirari
485 1591 617 1650 magis
647 1592 765 1650 quasi
797 1607 976 1642 novum,
1006 1607 1135 1650 quam
1159 1592 1281 1650 quasi
1308 1590 1512 1634 usitatum
1537 1603 1689 1647 rocog-

321 1678 497 1711 noscere
517 1663 778 1706 debeamus?
797 1663 945 1720 Itaque
959 1663 1031 1720 qui
1052 1662 1095 1705 in
1114 1662 1269 1705 divitiis
1289 1660 1475 1720 potueri-t
1495 1673 1692 1719 compro·

320 1733 436 1783 bari,
467 1734 501 1776 is
526 1748 624 1777 vere
644 1733 859 1792 perfectus
879 1741 923 1776 et
945 1734 1098 1792 dignus
1120 1742 1184 1777 cst
1209 1734 1355 1792 gloria.
1373 1750 1390 1772 ι
1417 1731 1501 1785 Qui
1524 1729 1688 1790 poluit,
1711 1724 1716 1726 ⁷

318 1822 335 1843 n
349 1803 507 1862 inquit,
539 1804 798 1862 transgredi,
832 1813 875 1847 et
914 1819 999 1847 non
1031 1812 1094 1847 est
1129 1812 1413 1862 transgressus
1429 1834 1440 1851 ,
1476 1810 1520 1844 et
1548 1801 1689 1845 facere

323 1875 485 1923 amala,
512 1881 555 1916 et
581 1889 667 1917 non
697 1872 837 1917 facist
865 1873 1059 1917 »Aurum
1088 1890 1190 1933 ergo
1218 1874 1363 1924 vobis,
1392 1872 1437 1916 in
1463 1887 1548 1930 quo
1572 1879 1689 1915 tanta

321 1945 522 1988 illecebra
543 1945 698 1987 erroris
723 1953 813 1995 cst,
837 1960 923 1987 non
943 1953 1032 1988 tam
1054 1961 1128 1988 sua
1145 1945 1298 2004 gratia,
1322 1958 1450 2003 quam
1465 1935 1690 1987 hominum

324 2030 448 2074 poena
466 2016 750 2058 commendat.
1472 2050 1473 2054 ,

383 2085 488 2129 LVI.
526 2084 591 2128 An
614 2100 687 2128 vos
708 2086 847 2145 ampla
867 2087 1077 2130 extollunt
1102 2086 1232 2136 atria3
1264 2101 1357 2144 quae
1377 2084 1511 2143 magis
1533 2045 1706 2128 debentv

326 2170 630 2214 compungere,
650 2155 746 2213 quia
770 2171 869 2199 cum
890 2158 1070 2216 populos
1086 2157 1270 2216 capiant,
1289 2171 1440 2200 vocem
1458 2155 1693 2199 excludunt

325 2224 553 2284 pauperis?
584 2226 839 2284 Quanquam
861 2228 966 2271 nihil
987 2228 1121 2287 prosit
1138 2228 1273 2271 audiri
1294 2243 1387 2271 eam
1402 2260 1414 2274 ,
1444 2241 1537 2285 quae
1562 2225 1693 2269 ctiam

330 2296 470 2340 audita
488 2296 594 2339 nihii
614 2297 795 2355 proficit.
821 2299 984 2343 Deinde
1003 2314 1090 2342 non
1107 2298 1196 2358 ipsa
1216 2313 1289 2342 vos
1314 2298 1488 2358 pudoris
1511 2295 1604 2341 aula
1623 2296 1694 2340 ad-

326 2375 487 2416 monet,
505 2367 577 2425 qui
597 2367 846 2412 :edificando
864 2378 1019 2413 vestras
1041 2370 1165 2413 vultis
1187 2385 1386 2426 superare
1406 2367 1591 2416 divitiam,
1610 2380 1693 2410 nec

329 2446 471 2480 tamen
491 2436 671 2481 vincitis.
691 2439 876 2482 Parietes
891 2440 1068 2490 vestitis,
1093 2439 1262 2483 nudatis
1285 2439 1494 2482 homines.
1527 2436 1693 2480 Clamat

332 2516 427 2569 ante
443 2508 618 2556 domum
633 2516 750 2555 tuam
766 2512 921 2561 nudus,
939 2519 982 2556 et·
997 2510 1197 2569 negligis:
1216 2511 1372 2554 clamat
1388 2509 1517 2555 homo
1534 2509 1707 2565 nudus‚‘

381 2609 389 2624 ·
414 2598 511 2637 Ecoli-
527 2610 617 2640 xxxi,
632 2600 664 2639 8.
684 2618 727 2632 -ι-
742 2611 757 2631 ⁸
775 2601 865 2638 Ibid.
888 2614 922 2656 9.
936 2620 979 2631 -
994 2601 1114 2640 ³1bid.
1130 2612 1183 2641 no.
