1780 3120
344 254 426 282 Π,
683 250 692 268 .-
872 245 916 273 s.
955 243 1147 274 AMnnosu

353 328 554 374 «Declina
580 342 602 368 a
624 325 733 367 malo
750 357 761 374 ‚
798 324 842 366 et
865 323 932 365 fac
958 321 1155 365 bonaur.
1184 339 1199 360 »
1218 321 1441 365 Declinare
1469 321 1615 383 fugere
1637 333 1704 370 est

339 400 495 456 utique.
523 396 677 439 Malum
700 402 840 436 autem
864 393 906 435 in
930 392 1069 442 terris,
1098 392 1258 434 bonum
1281 392 1322 434 in
1346 394 1453 436 coelo
1474 402 1548 438 est.
1579 397 1701 440 Unde

342 479 384 513 et
405 467 623 511 addiditza
658 465 827 521 Inquire
855 478 1020 520 pacem,
1055 471 1100 505 et
1131 478 1307 520 sequere
1339 479 1431 506 eam
1446 463 1476 507 ².
1498 482 1515 505 »
1545 465 1630 509 Pax
1656 467 1700 509 in

341 541 446 582 coelo
469 545 542 580 est.
570 536 760 592 Denique
783 536 835 576 de
859 535 967 576 coelo
992 533 1164 576 veniens
1190 534 1293 577 dicit
1319 549 1328 577 ε
1351 552 1367 574 «
1386 535 1539 578 Pacem
1562 552 1700 580 meam

341 629 357 650 »
373 611 426 652 do
444 608 580 656 vobis,
605 621 751 664 pacem
774 603 1103 661 relinquovobis
1115 602 1146 646 ⁵.
1170 622 1186 643 »
1199 604 1309 663 Ergo
1327 604 1426 663 quia
1447 605 1642 664 fugienda
1658 616 1702 651 et

343 679 588 723 declinanda
612 685 709 719 sunt
730 677 865 724 mala;
890 675 997 717 mala
1023 682 1164 717 autem
1180 674 1222 716 in
1245 675 1366 718 terris
1383 708 1394 725 ,
1423 675 1464 718 in
1488 677 1610 720 terris
1626 677 1703 720 ini-

346 751 522 808 quitates
547 764 556 790 z
583 747 809 805 Fugiamus
842 754 1024 793 terrena,
1052 760 1105 788 ne
1133 760 1208 787 nos
1232 745 1597 804 comprehendant
1619 746 1702 789 ini-

345 822 539 879 quitates,
562 833 653 875 quae
674 818 800 859 etiam
824 824 1018 858 sanctum
1042 816 1460 878 comprehenderunt
1477 818 1704 868 David‚'si-

344 900 416 934 cut
429 892 514 948 ipse
526 897 700 931 testatur
712 887 854 929 dicens
877 903 886 929 τ
904 905 920 926 «
938 885 1444 945 Comprehenderuntme
1461 888 1702 947 iniquitates

342 977 495 1010 »mcae‚
519 968 561 1002 et
581 974 664 1001 non
682 957 799 1016 potui
821 965 868 999 ut
884 957 1091 1000 viderem‘·
1109 975 1156 1007 ς.»
1175 973 1226 1001 eo
1244 960 1357 1016 quod
1374 959 1492 1002 sumo
1510 959 1704 1017 iniquita-

342 1034 395 1075 tis
417 1032 563 1074 oculus
587 1030 733 1072 animae
756 1036 955 1077 caecatur,
981 1043 1034 1070 ne
1054 1028 1195 1071 videat
1216 1045 1308 1087 quae
1335 1038 1434 1072 sunt
1454 1030 1607 1073 lucida.
1632 1030 1704 1074 Sic

343 1119 442 1161 ergo
465 1109 506 1144 et
525 1101 668 1143 Laban
688 1099 798 1142 bona
820 1098 954 1141 Jacob
977 1098 1118 1142 videre
1139 1115 1224 1142 non
1246 1100 1409 1159 potuit,
1435 1109 1478 1144 et
1505 1101 1705 1169 princeps

345 1174 472 1232 hujus
500 1171 645 1214 mundi
666 1170 839 1229 gloriam
863 1169 1031 1213 Christi.
1476 1197 1478 1199 -

403 1242 561 1288 XXVI.
599 1241 682 1284 Sed
712 1241 817 1283 sorte
849 1241 998 1283 dicas:
1033 1240 1120 1284 Cur
1154 1241 1281 1300 igitur
1313 1242 1448 1286 Jacob
1480 1245 1534 1287 ad
1557 1242 1704 1288 Laban

342 1315 494 1359 missus
511 1320 589 1362 est,
609 1312 641 1354 si
662 1311 804 1354 Laban
821 1311 1163 1370 reprehensibilis
1179 1312 1198 1355 P
1214 1312 1257 1355 Si
1280 1329 1436 1357 nomen
1459 1316 1704 1360 considere-

341 1400 451 1434 mus,
471 1383 673 1426 candidus
690 1382 844 1424 dicitur
863 1382 1005 1425 latine.
1028 1383 1138 1442 Ergo
1157 1385 1210 1426 ad
1226 1385 1513 1443 splendidiora
1529 1386 1705 1444 jubetur

345 1454 485 1514 egredi
513 1452 658 1495 Jacob.
691 1451 774 1494 Sed
797 1452 893 1509 quia
916 1453 1095 1496 carnalis
1117 1462 1231 1505 crat,
1260 1456 1410 1498 melius
1431 1456 1704 1517 intelligimus

315 1579 317 1581 Ι
344 1524 625 1585 splendidiora
651 1523 746 1566 vitae
777 1523 917 1580 hujus.
946 1524 1077 1577 Quasi
1109 1529 1301 1570 nondum
1322 1528 1536 1586 perfectus
1565 1529 1704 1598 primo

347 1598 398 1640 ad
413 1611 509 1638 eum
524 1594 652 1643 vadit,
674 1593 784 1652 apud
801 1609 927 1652 quem
947 1596 999 1637 ad
1018 1594 1166 1638 horam
1183 1598 1421 1640 exultaret
1410 1613 1453 1641 m
1476 1600 1572 1643 luce
1593 1600 1698 1659 ejus.

343 1667 474 1711 Filios
494 1673 633 1708 autem
657 1664 886 1707 deteriores
917 1664 1124 1716 habebat,
1159 1667 1202 1710 id
1229 1676 1309 1718 ost,
1333 1666 1600 1714 tolerabilius
1625 1686 1706 1715 no-

343 1752 458 1786 men,
478 1750 602 1794 quam
622 1749 762 1793 opera.
777 1735 830 1777 Et
847 1735 941 1778 ideo
955 1744 998 1778 et
1012 1737 1159 1779 matris
1176 1738 1372 1789 consilio,
1390 1748 1433 1783 et
1453 1740 1597 1785 divino
1614 1756 1707 1785 ora—

346 1808 465 1856 culo,
493 1813 536 1849 et
564 1805 692 1864 ipsius
716 1805 850 1848 Jacob
882 1806 1080 1849 amatoris
1113 1807 1344 1867 disciplinae
1378 1811 1597 1856 voluntate
1619 1812 1707 1857 cito

346 1877 552 1924 deseritur
571 1891 619 1919 ac
638 1877 901 1935 relinquitur.

400 1946 576 1992 XXVII.
602 1945 837 1990 Abscondit
858 1955 997 1991 autem
1015 1947 1243 2007 simulacra
1266 1958 1410 1994 sancta
1430 1950 1638 2004 Rachcl‘,
1656 1952 1706 1998 id

344 2026 426 2067 est,
451 2017 660 2066 Ecclesia,
693 2018 758 2060 vel
789 2019 1036 2076 prudentia}
1062 2018 1158 2077 quia
1185 2018 1375 2063 Ecclesia
1398 2020 1543 2065 inanes
1565 2020 1701 2075 ideas',

346 2096 389 2131 et
411 2103 532 2130 vanas
563 2087 696 2130 nescit
728 2088 1051 2131 simulacrorum
1086 2089 1269 2148 figuras:
1306 2091 1378 2134 sed
1410 2107 1553 2136 veram
1589 2094 1706 2138 novi‘t

342 2157 557 2201 Trinitatis
582 2158 869 2201 substantiam.
898 2159 1091 2216 Denique
1114 2160 1308 2203 umbram
1335 2159 1540 2213 abolevit,
1567 2165 1707 2222 splen-

345 2229 490 2271 dorem
520 2226 659 2284 gloriae
689 2228 979 2271 manifestavit.
1010 2229 1314 2288 Relinquamus
1344 2241 1444 2291 ergo
1477 2233 1703 2284 umbram.

344 2298 555 2356 quisolem
567 2297 792 2354 quoerimns
811 2314 821 2341 ι
845 2299 1089 2344 deseramus
1111 2301 1293 2352 fumum,
1313 2301 1385 2361 qui
1405 2304 1705 2363 lumensequi-

344 2382 453 2412 mur.
473 2368 662 2410 Fumus'
652 2368 845 2426 iniquitas
861 2379 944 2421 est,
964 2371 1060 2429 quia
1080 2372 1189 2415 sicut
1213 2373 1355 2417 sumus
1370 2375 1531 2428 oculis,
1551 2376 1611 2418 sic
1629 2372 1707 2419 ini·

344 2438 524 2497 quitates
546 2438 770 2481 utentibus
789 2455 834 2482 ea
868 2441 965 2513 vita.
1003 2442 1170 2497 Umbra
1186 2444 1270 2487 vita
1301 2453 1385 2496 est;
1400 2445 1567 2520 “umbra
1577 2446 1705 2516 enim

389 2542 501 2574 'PsaL
518 2553 630 2579 xxxvx.
653 2543 702 2575 15.
726 2561 766 2567 -
785 2543 904 2578 ⁸1bid.
917 2545 1098 2580 —-⁸Joan.
1117 2558 1255 2591 x1v,27.
1269 2529 1314 2574 ἰ-
1332 2548 1448 2583 ⁴Psal.
1468 2547 1647 2587 xxx=x‚13.
1659 2527 1707 2574 -Ι-

351 2597 457 2630 Gen.
476 2607 569 2630 xxxi.
582 2595 640 2635 34.
666 2596 827 2630 usssoh.
852 2608 980 2643 πως.
1464 2609 1470 2613 ·
