1780 3120
405 283 428 324 3
438 299 457 323 2
468 284 492 333 4
953 291 984 320 8.
1022 290 1214 320 amnnosn

400 372 516 415 novit
546 386 556 412 :
603 382 754 412 census
789 366 1009 411 abundans
1034 366 1184 425 nequit
1225 364 1338 410 avari
1387 371 1538 424 pectus
1580 365 1758 423 replere.

399 443 583 498 Ideoque
625 439 739 482 dives
775 427 956 496 cupidus
976 437 1020 479 in
1056 436 1212 480 invidia
1255 433 1552 494 possessioniS‚
1583 442 1627 478 et
1662 449 1764 494 pau-

395 510 568 569 pertatis
598 509 769 566 querela
794 514 869 551 est.
910 505 995 550 Sed
1024 505 1112 565 jam
1139 505 1371 565 Scripturae
1399 505 1527 549 verba
1564 504 1763 549 conside-

396 595 550 623 remus.

455 649 519 693 VI.
540 666 556 688 ιι
576 648 630 691 Et
650 647 810 691 factum
837 655 923 698 est,
961 647 1125 705 inquit,
1153 654 1251 705 post
1287 645 1380 689 haec
1404 645 1559 696 verba,
1587 655 1677 690 erat
1691 643 1760 690 ‘vi-

391 735 496 763 »nea
525 718 720 763 Nabuthe
740 717 973 761 Jezrafflitae
1001 717 1044 760 in
1076 717 1206 760 Israffl
1235 716 1353 775 juxta
1392 717 1567 759 domum
1605 717 1755 761 Achab

388 810 404 832 »
418 792 525 851 regis
542 789 753 833 Samariae.
780 789 834 832 Et
854 790 1023 832 locutus
1038 796 1102 831 est
1114 787 1265 831 Achab
1289 788 1343 830 ad
1364 786 1561 830 Nabuthe
1583 787 1752 831 dicens:

384 861 476 903 »Da
498 860 602 903 mihi
630 859 796 903 vineam
823 866 962 908 tuam,
986 865 1030 901 et
1054 858 1135 901 erit
1158 857 1265 900 mihi
1295 857 1339 900 in
1359 856 1533 900 hortum
1556 857 1750 908 olerum;

381 930 610 988 »quoniam
642 929 900 988 propinquat
940 927 1086 971 domui
1111 943 1246 971 meae:
1273 935 1316 971 et
1342 927 1453 971 dabo
1489 927 1567 970 tibi
1602 943 1681 986 pro
1702 943 1751 972 ea

382 1000 534 1043 »aliam
566 999 731 1043 vineam
756 1016 766 1041 ε
798 999 832 1042 si
863 1014 962 1042 vero
987 998 1197 1058 placuerit
1221 998 1325 1048 tihi,
1369 998 1480 1041 dabo
1514 997 1592 1041 tibi
1617 1014 1752 1058 pecu-

381 1071 522 1114 »niam
553 1086 629 1130 pro
653 1071 772 1113 vinea
792 1070 893 1121 ista,
917 1078 960 1113 et
986 1070 1068 1113 erit
1087 1070 1194 1113 mihi
1225 1069 1268 1112 in
1290 1068 1463 1112 hortum
1486 1070 1666 1129 olerum.
1696 1071 1748 1115 Et

379 1140 514 1185 »dixit
540 1141 734 1185 Nabuthe
762 1142 815 1183 ad
841 1140 989 1184 Achab
1015 1157 1025 1182 :
1051 1140 1146 1184 Non
1181 1139 1255 1183 fiat
1276 1139 1360 1182 hoc
1383 1154 1406 1181 a
1426 1139 1516 1182 Deo
1533 1171 1544 1188 ,
1570 1147 1620 1182 ut
1648 1140 1746 1183 dem

377 1228 394 1251 ι
408 1210 484 1254 tibi
497 1210 783 1254 haereditatem
806 1218 975 1269 patrum
988 1225 1197 1254 meorum.
1221 1210 1274 1253 Et
1289 1209 1482 1253 turbatus
1496 1216 1558 1252 est
1574 1209 1745 1268 spiritus

316 1327 321 1331 ⁴
374 1281 517 1338 »ejus‚
543 1290 586 1324 et
608 1281 805 1324 dormivit
831 1282 873 1324 in
896 1283 1010 1324 lecto
1033 1297 1134 1332 suo,
1164 1289 1208 1325 et
1237 1281 1389 1324 velavit
1416 1280 1569 1324 faciem
1593 1295 1740 1332 sunm,

376 1360 449 1394 »et
469 1366 555 1394 non
571 1351 846 1395 manducavit
863 1351 1058 1412 panem’.
1088 1370 1105 1393 »

431 1421 519 1465 VII.
553 1423 815 1481 Exposuerat
838 1438 968 1482 supra
994 1423 1213 1482 Scriptura
1244 1422 1405 1473 divina,
1430 1421 1528 1479 quia
1561 1420 1738 1465 Elisaeu's

369 1508 467 1535 cum
493 1502 602 1536 esset
626 1509 811 1553 pauper,
855 1494 1027 1552 reliquit
1057 1495 1187 1537 boves
1212 1508 1336 1543 suos,
1371 1500 1416 1536 et
1449 1492 1640 1536 cucurrit
1683 1493 1738 1538 ad

367 1563 526 1614 Eliam,
565 1572 609 1608 et
638 1564 797 1608 occidit
827 1579 926 1614 eos,
963 1572 1007 1607 et
1038 1563 1227 1623 erogavit
1251 1563 1436 1622 populo,
1474 1570 1517 1606 ct
1561 1561 1737 1617 adhaesit

364 1634 621 1693 Prophetae2.
653 1635 721 1679 Ad
742 1634 1297 1694 condemnationemnigitur
1316 1632 1532 1693 praemissa
1554 1640 1653 1676 sunt
1675 1632 1735 1676 di-

366 1703 482 1753 vitis,
504 1705 576 1762 qui
598 1704 642 1747 in
675 1705 755 1748 isto
777 1720 877 1763 rege
899 1705 1175 1761 describitur,
1194 1719 1245 1748 eo
1277 1705 1395 1762 quod
1414 1703 1578 1746 habens
1598 1703 1734 1746 bene-

365 1771 458 1816 ficia
474 1774 576 1824 Dei,
591 1775 700 1818 sicut
721 1775 798 1818 iste
815 1775 964 1818 Achab
977 1808 988 1825 ,
1008 1775 1078 1818 cui
1106 1775 1316 1818 Dominus
1337 1783 1381 1818 et
1401 1789 1581 1832 regnum
1605 1773 1734 1818 dona·-

363 1844 443 1894 vit,
455 1853 497 1888 et
505 1846 691 1904 pluviam
701 1846 802 1891 Eliae
813 1846 918 1891 vatis
934 1845 1368 1905 orationefficoncessit,
1380 1845 1520 1890 divina
1531 1845 1730 1889 mandata
1752 1838 1756 1841 ⁷

361 1915 589 1960 violaverit.
1180 1925 1183 1928 ’
1372 1963 1375 1965 ,

417 1985 527 2030 Vlll.
553 1988 787 2031 Audiamus
807 2004 908 2048 ergo
946 1989 1050 2047 quid
1072 1989 1187 2032 dicat
1207 2003 1216 2031 :
1235 2006 1251 2028 «
1279 1989 1345 2031 Da
1377 1987 1505 2037 mihi,
1528 1986 1677 2045 inquit.
1700 2005 1718 2027 n

358 2054 464 2108 Quae
483 2057 561 2100 alia
581 2073 661 2101 vox
682 2059 843 2118 egentis
865 2067 929 2102 est
947 2059 965 2102 Ξ)
986 2059 1093 2112 Quae
1120 2074 1203 2102 vox
1223 2058 1303 2101 alia
1325 2058 1478 2117 stipem
1508 2056 1726 2116 publicam

355 2128 627 2184 postulantis,
644 2130 723 2174 nisi
740 2145 773 2173 :a
799 2131 862 2174 Da
876 2130 1003 2181 mihi,
1017 2130 1130 2173 »hoc
1143 2138 1232 2180 est,
1253 2130 1305 2172 da
1327 2129 1457 2179 mihi,
1472 2128 1569 2187 q'uia
1590 2143 1720 2187 egeo:

354 2197 407 2240 da
428 2198 553 2250 mihi,
578 2201 676 2258 quia
689 2202 804 2245 aliud
819 2201 987 2246 vivendi
998 2201 1237 2244 subsidium
1254 2201 1415 2258 habere
1426 2215 1512 2243 non
1524 2215 1720 2260 possum:

352 2267 405 2310 da
425 2269 553 2319 mihi,
576 2272 673 2328 quia
699 2288 786 2315 non
806 2281 871 2316 est
892 2272 999 2315 mihi
1018 2271 1140 2330 panis
1165 2273 1220 2315 ad
1241 2271 1424 2321 victum,
1448 2285 1652 2314 nummus
1669 2270 1723 2314 ad

350 2346 499 2394 potum
513 2350 734 2400 ‚sumptus
757 2343 812 2385 ad
827 2343 1079 2385 alimentum
1093 2375 1105 2392 ,
1130 2343 1184 2384 ad
1201 2341 1502 2385 indumentum
1529 2341 1721 2384 substan-

346 2406 405 2448 tia
425 2423 436 2448 ε
458 2409 510 2450 da
533 2410 658 2459 mihi,
679 2412 775 2468 quia
797 2412 874 2454 tibi
890 2411 1099 2455 Dominus
1116 2411 1359 2454 deditunde
1381 2410 1526 2470 largiri
1543 2410 1714 2460 debeaS,

349 2476 453 2519 mihi
471 2493 571 2532 {non
610 2480 753 2524 dedit:
779 2482 832 2523 da
852 2481 982 2532 mihi,
1021 2477 1119 2540 quia
1142 2481 1222 2525 nisi
1249 2489 1298 2524 tu
1332 2481 1526 2531 dederis,
1558 2480 1717 2527 habero

351 2563 437 2591 non
463 2558 639 2607 potero:
663 2553 715 2594 da
749 2552 878 2603 mihi,
904 2553 1001 2612 quia
1037 2554 1243 2614 scriptum
1259 2562 1322 2599 est
1346 2570 1390 2595 2«
1409 2553 1516 2599 Date
1536 2553 1715 2597 eleemo-

395 2648 403 2662 ¹
426 2639 444 2670 5
465 2639 542 2682 Rug.
562 2652 630 2681 xxx,
653 2643 715 2682 1-4.
734 2662 774 2669 -
791 2653 804 2670 ³
825 2643 878 2679 Id.
895 2655 966 2687 xlx,
984 2654 1038 2692 219
