1780 3120
488 314 542 363 ωε
571 309 715 362 votui.
753 308 877 362 nux
905 319 1021 363 tm.
1350 300 1438 367 11⁸5

135 389 284 456 mv}
304 398 359 455 Et
372 406 470 470 quia
485 405 625 455 honus
645 411 699 454 ad
734 408 877 455 omnia
911 412 1112 472 magister
1149 410 1442 466 Ecclesiaste&

71 466 184 529 liber
210 492 275 527 est
311 473 572 533 Salomonis,
613 480 828 543 paulisper
861 483 939 542 ipsi
972 483 1253 528 inhaereamus
1272 500 1283 528 ε
1306 503 1323 525 ι
1345 485 1443 530 Non'

19 598 21 605 ,
75 553 327 598 »satiabitur
350 554 521 604 oculus,
559 552 718 612 inquit,
749 553 958 603 videndo,
996 563 1041 598 et
1087 569 1173 598 non
1224 556 1448 600 satiabitur

75 644 94 667 »
107 624 220 670 auris
240 625 388 670 auditu
402 625 417 648 ¹
440 641 452 669 ε
476 643 494 666 ι
506 640 586 669 nec
610 624 840 669 soenerator
858 627 1054 685 expletur
1074 627 1343 687 accipiendo,
1366 638 1446 672 nec·

78 695 255 741 affectus
283 697 377 756 ejus
401 696 648 756 quotidiano
679 698 932 742 numerandi
957 699 1053 742 aeris
1078 699 1255 742 satiatur
1280 699 1444 744 auditu.

77 760 134 812 Et
159 767 314 815 iterum
335 783 347 810 t
369 785 388 808 ι
418 766 559 811 Omne
588 768 705 827 qnod
727 758 836 819 fuitss
861 769 1000 828 ipsum
1024 778 1088 814 est
1112 770 1230 829 quod
1258 769 1366 815 erit²
1387 786 1399 813 z
1423 789 1442 809 ι

79 839 237 884 crescit
255 854 424 899 semper
439 839 636 900 pecunia,
654 839 790 883 otium
805 841 942 884 nescit
962 842 1152 891 avaritia,
1171 843 1305 886 nescit
1321 858 1450 886 usura

79 908 220 955 ferias.
238 928 256 950 ι
277 909 460 960 omnes,
484 910 620 969 inquit
633 942 646 960 ,
662 918 875 954 torrentes
889 913 1051 956 vadunt
1064 912 1110 956 in
1124 927 1259 963 mare,
1276 921 1321 956 et
1336 927 1457 956 mare

80 997 198 1026 »non
228 980 509 1041 adimpletnr⁸
526 997 539 1024 :
573 997 721 1025 »mare
747 982 862 1026 istud
886 982 1117 1027 foenerator
1145 991 1236 1034 est;
1262 984 1455 1027 omnium

78 1051 335 1111 patrimonia
350 1060 553 1112 tanquam
567 1051 725 1096 fluctus
736 1053 954 1104 absorbet,
971 1062 1014 1098 et
1026 1054 1116 1114 ipse
1129 1054 1267 1099 nescit
1276 1054 1451 1115 expleri.

80 1123 186 1168 Mari
201 1132 344 1168 tamen
355 1124 548 1183 plerique
562 1132 744 1168 utuntur
756 1125 810 1168 ad
820 1132 1046 1183 quaestum,
1059 1125 1315 1171 l'oeneratore
1329 1141 1459 1169 nemo

80 1195 219 1239 utitur
234 1195 316 1240 nisi
336 1197 390 1240 ad
405 1196 675 1256 dispendium
694 1212 705 1240 ε
724 1196 812 1241 illic
848 1201 853 1205 “
876 1198 1074 1259 ultorum⁴
1083 1199 1361 1242 commodum
1374 1207 1458 1247 est,

79 1266 153 1310 hic
172 1267 468 1312 universorum
488 1267 769 1327 naufragium.
830 1210 926 1382 X

88 1332 93 1333 ⁷
140 1336 271 1383 XLV.
283 1337 413 1382 Multa
430 1346 529 1382 sunt
545 1338 781 1382 animantia
796 1353 890 1397 quae
930 1339 989 1383 ito
1004 1355 1209 1398 generare
1231 1339 1460 1410 incipiunt,

80 1408 158 1459 sed
185 1407 272 1453 cito
293 1408 422 1452 etiam
448 1424 654 1468 generare
676 1409 886 1453 desistunt
910 1425 920 1452 :
946 1424 1037 1471 sors
1062 1408 1149 1454 'cito
1178 1418 1385 1470 generat,
1413 1418 1458 1454 et

87 1485 311 1538 nunquam
330 1479 510 1531 desinit3
538 1480 626 1523 imo
656 1495 757 1523 cum
786 1480 1021 1524 exordium·
1037 1480 1259 1524 crescendi
1285 1494 1459 1539 accepe-

84 1547 166 1599 rit,
184 1549 228 1593 in
250 1548 464 1594 inlinitum
484 1551 677 1595 extendit
696 1557 988 1611 augmentum.
1009 1551 1150 1596 Omne
1169 1552 1325 1595 deinde
1345 1552 1462 1610 qnod

81 1619 263 1670 crescit,
293 1634 395 1664 cum
426 1622 481 1665 ad
508 1628 671 1665 naturae
699 1638 786 1666 suae
812 1621 995 1666 sormam
1026 1631 1153 1681 atque
1181 1636 1456 1671 mensuram,

79 1690 504 1751 magnitudinemque
522 1693 791 1753 pervenerit,
811 1701 935 1737 vacat
955 1693 1221 1737 incremento
1243 1709 1256 1736 :
1280 1691 1355 1736 sed
1373 1692 1455 1735 soe-

80 1769 329 1829 uenturum
344 1763 524 1822 pecunia
547 1771 742 1824 tempore
762 1780 932 1824 semper
952 1773 1147 1824 augetur,
1170 1773 1214 1808 et
1234 1765 1346 1808 ultm
1367 1763 1458 1807 sor-

81 1844 203 1896 mam
214 1828 417 1876 maternae
429 1833 554 1878 sortis
570 1835 781 1878 excedens
795 1835 975 1879 modum
994 1850 1083 1879 non
1101 1843 1230 1878 tenet.
1249 1834 1458 1893 Pleraque

82 1895 212 1962 etiam
229 1894 515 1961 ¹animantium
541 1920 642 1948 cum
665 1905 874 1965 coeperint
898 1921 947 1948 ea
968 1921 1063 1964 quae
1083 1921 1137 1950 ex
1155 1905 1222 1950 his
1241 1913 1335 1948 orta
1355 1913 1457 1949 sunt

0 2035 1 2040 1
83 1985 305 2032 generare,
322 1982 526 2033 tanquam
542 1975 694 2020 effoetis
710 1976 871 2030 viribus
886 1990 1011 2020 usum
1027 1975 1312 2036 generationis
1328 1975 1447 2018 amit-

83 2051 180 2086 tunt
195 2060 207 2085 e
226 2058 318 2088 sors
329 2053 472 2090 autem
487 2045 661 2091 soenoris
676 2061 777 2090 cum
794 2046 922 2090 fuerit
932 2046 1223 2090 crescentibus
1238 2047 1454 2103 exaequata

23 2162 27 2164 v
89 2113 355 2165 centesimis,
377 2123 422 2159 et
436 2125 690 2161 vetustatem
709 2117 776 2161 sui
794 2126 994 2168 renovat,
1010 2126 1054 2162 et
1069 2125 1214 2177 partus
1230 2115 1373 2179 solitos
1382 2116 1456 2162 ad-

87 2184 310 2244 junctione
329 2186 597 2246 multiplicat.

131 2255 272 2331 stetin.
297 2276 375 2317 ι.8.
396 2288 469 2304 -·
490 2277 838 2321 lhia.9.-³n›‡‹1.
863 2290 897 2324 7.

238 2761 303 2792 ιν.
1249 2750 1305 2793 25
