1780 3120
359 251 420 310 96
910 260 943 289 s.
981 255 1176 287 amnnosn

359 413 540 427 msssssswfi
546 402 1244 424 §mmmmmusmswmmmhs
1252 402 1662 416 §ssnmmmmm
1671 402 1726 417 Μ

913 521 1091 567 CAPUT
1122 521 1175 565 II.

363 675 587 721 Soeculum
602 672 868 733 fugiendum
892 671 1013 714 docet
1036 670 1106 713 tem
1123 669 1176 712 do
1199 668 1459 713 civitatibus
1479 670 1660 730 refugii,
1678 671 1732 715 do

424 747 579 804 quibus
603 754 791 803 quatuor
819 741 1149 794 discutiuntur-3
1173 739 1381 798 primam
1401 773 1412 791 ,
1448 755 1529 785 om·
1561 741 1649 783 itloe
1681 742 1731 784 in

425 827 538 862 sorte
557 816 812 860 Levitarum
833 813 1005 855 doleotoe
1018 827 1033 853 .·
1056 810 1315 860 secundum,
1334 826 1414 853 ear
1434 826 1622 854 numero
1631 827 1731 855 sem:

429 887 629 936 tertiam,
640 900 720 927 our
736 898 894 926 earum
909 892 994 925 tros
1006 881 1125 924 ultra
1135 880 1166 923 J
1169 881 1402 931 omlanem,
1417 897 1470 924 ao
1488 882 1670 925 totidem
1681 883 1734 925 in

425 967 546 1000 terra
573 955 833 999 Cltanamea
852 971 865 995 .·
898 962 1112 1010 quartum
1129 985 1141 1003 ,
1178 969 1259 996 our
1289 952 1516 996 homicida
1546 964 1734 997 mortem

421 1028 652 1087 pontificis
671 1025 956 1084 ibijubeatur
971 1035 1212 1083 expectare.
1242 1024 1353 1079 Quoe
1369 1025 1525 1069 omnia
1547 1025 1735 1070 diversis

426 1098 670 1143 virtutibus
693 1096 1096 1140 accommodantur.

425 1236 475 1280 V.
514 1235 661 1279 DocssT
684 1242 725 1278 te
747 1233 874 1276 etiam
894 1234 962 1276 lex
981 1232 1231 1292 fugiendum
1253 1235 1481 1284 saeculum,
1505 1233 1645 1278 Deum
1667 1248 1736 1277 se-

368 1308 598 1366 quendum.
629 1304 744 1358 Quid
764 1303 877 1347 enim
895 1304 1010 1347 aliud
1027 1303 1153 1347 docet
1175 1319 1275 1347 cum
1299 1304 1402 1347 dicit
1421 1320 1431 1347 :
1455 1322 1472 1344 <x
1491 1303 1734 1363 Disponetis

369 1378 517 1422 »vobis
543 1376 728 1420 civitates
757 1376 810 1418 ad
828 1374 1039 1436 refugium
1053 1407 1064 1424 ,
1089 1382 1131 1418 et
1154 1383 1280 1418 erunt
1303 1374 1422 1418 vobis
1440 1375 1600 1434 refugia
1615 1409 1626 1426 ‚
1650 1390 1734 1434 quo

367 1448 576 1507 »refugiat
597 1446 810 1490 homicida
841 1446 1001 1495 omnis,
1025 1446 1098 1504 qui
1128 1445 1387 1505 percusserit
1414 1446 1600 1489 animam
1627 1446 1738 1490 invi-

368 1538 385 1561 »
400 1518 498 1562 tus?
519 1537 535 1558 »
562 1518 615 1560 Et
636 1515 743 1559 infra
763 1531 773 1558 ε
809 1533 825 1555 α
848 1515 931 1558 Sex
957 1516 1147 1560 civitates
1175 1518 1228 1560 ad
1253 1516 1415 1576 refugia
1438 1524 1564 1560 erunt
1587 1515 1734 1568 vobis,

369 1608 386 1631 n
400 1598 485 1633 tres
501 1587 688 1631 civitates
711 1586 863 1630 dabitis
881 1595 997 1631 trans
1012 1586 1262 1639 Jordanem,
1285 1597 1328 1631 et
1349 1596 1434 1632 tres
1457 1587 1646 1640 civitates
1669 1588 1739 1632 da·
1776 1624 1780 1627 ,

306 1715 309 1718 ¹
370 1677 388 1701 »
401 1658 498 1702 bitis
518 1657 561 1700 in
579 1666 688 1700 terra
708 1656 910 1700 Chanaan
926 1656 966 1700 Ῥ
983 1677 1000 1699 »
1027 1657 1183 1718 Aperte
1201 1658 1373 1717 quidem
1397 1659 1738 1718 confugientibus

370 1728 455 1773 hoc
489 1729 648 1772 crimen
677 1728 897 1772 homicidii
931 1728 1023 1788 (16)
1055 1730 1217 1790 refugia
1254 1730 1471 1790 proposita
1503 1739 1615 1774 sunt.
1653 1729 1741 1774 Sed

371 1798 688 1842 consideremus
706 1798 841 1842 ultius.
871 1799 1067 1852 Quatuor
1088 1810 1187 1845 sunt
1209 1817 1302 1859 quae
1320 1802 1551 1845 admonent
1566 1800 1740 1861 profun-

375 1869 468 1913 dius
490 1883 580 1912 esse
595 1871 823 1928 spectanda
841 1885 994 1914 arcana
1008 1872 1200 1916 lectionis
1216 1872 1348 1916 istius.
1375 1873 1515 1916 Unum
1529 1905 1541 1923 ,
1565 1887 1649 1931 qua
1669 1886 1740 1915 ra-

373 1940 489 1984 tione
510 1955 561 1982 ex
581 1940 646 1983 his
667 1940 906 1985 civitatibus
929 1958 1022 2000 quae
1043 1942 1198 1987 Levitis
1211 1944 1254 1987 in
1267 1943 1508 2004 portionem
1529 1952 1643 1988 sorte
1660 1942 1741 1986 ob-
1765 1983 1776 1997 ,

374 2019 605 2061 venerunt,
634 2027 705 2054 sex
735 2012 924 2056 civitates
947 2015 1000 2057 ad
1028 2014 1240 2074 refugium
1270 2017 1377 2059 datae
1404 2015 1488 2059 sint
1521 2012 1741 2059 homicidii

376 2080 555 2123 crimine
583 2081 904 2134 laborantibus,
939 2099 1017 2128 cur
1047 2100 1135 2128 non
1173 2085 1301 2130 etiam
1337 2085 1516 2129 aliarum
1548 2085 1741 2128 tribuum

377 2150 566 2194 civitates
584 2150 635 2194 ad
649 2152 731 2195 hoe
753 2168 908 2197 munus
931 2155 1141 2214 deputatae
1154 2155 1172 2199 P
1185 2156 1449 2211 Secundum,
1474 2171 1556 2215 qua
1577 2155 1740 2199 ratione

373 2234 447 2263 sex
476 2235 686 2272 numer-03
718 2238 804 2266 non
831 2224 944 2268 enim
972 2226 1104 2270 otiose
1135 2242 1340 2271 numerus
1372 2227 1443 2271 hic
1470 2226 1740 2286 praescriptus

372 2289 541 2332 videtur
562 2306 700 2349 neque
726 2293 913 2351 plurium
936 2311 1075 2355 neque
1103 2299 1353 2356 pauciorum
1374 2297 1604 2342 civitatum.
1634 2288 1741 2340 Ter--

374 2359 499 2410 tium,
524 2375 602 2403 cur
622 2370 706 2407 tres
729 2365 839 2408 ultra
858 2364 1090 2412 Jordanem
1112 2368 1316 2420 civitates,
1341 2376 1384 2413 et
1405 2376 1491 2412 tres
1505 2368 1549 2411 in
1569 2366 1740 2427 regione

377 2428 614 2476 Chananaea
636 2434 844 2494 dispositae
865 2437 964 2489 sint,
987 2454 1081 2498 quae
1103 2440 1267 2499 refugio
1282 2439 1561 2499 peccantibus
1582 2437 1733 2482 forent.

376 2497 587 2552 Quartum
601 2535 612 2553 ‚
638 2518 714 2547 cur
737 2506 1020 2552 dinumeratio
1041 2518 1085 2554 et
1106 2509 1297 2586 definitjio
1318 2509 1520 2570 temporis
1540 2521 1742 2568 compre-

419 2609 430 2627 ¹
451 2602 550 2639 Num.
567 2616 665 2651 xxxv,
685 2610 790 2649 11-14.
