1780 3120
356 272 440 315 226
896 278 927 305 s.
967 274 1160 306 Aunnosu

350 378 490 412 mum,
518 361 560 403 in
579 359 707 417 janua
729 358 880 400 domus
904 369 1074 398 causam
1096 366 1216 396 suam
1239 362 1361 411 agere
1386 351 1532 396 velle¹.
1559 351 1713 396 Adhuc

350 435 543 477 dubitant
570 430 760 477 introire,
795 436 837 470 et
864 442 915 469 ex
946 425 1145 484 operibus
1175 424 1261 466 suis
1283 425 1450 467 malunt
1471 422 1711 483 justificari,

349 504 418 561 qui
441 516 609 544 causam
618 511 743 541 suam
761 499 909 540 volunt
926 504 1129 545 astruere,
1157 509 1325 553 quamn
1302 495 1479 537 oratiam
1497 495 1710 553 accipere3

348 583 390 617 et
412 572 539 616 ideo
528 587 568 614 m
591 570 721 630 portis
742 571 1068 627 redarguuntur.
1101 566 1188 621 Qui
1220 574 1360 609 autc-m
1390 566 1426 609 ft
1430 574 1577 609 netum
1603 564 1715 608 uteri

344 642 555 702 virginalis
577 647 785 698 expectat,
815 647 857 682 et
879 638 1173 681 haereditatem
1196 636 1389 687 Domini,
1422 635 1497 683 filii
1525 629 1714 696 mercem

346 713 599 772 negotiatur,
630 726 715 753 non
737 709 993 753 erubescet'
983 724 1024 751 1n
1046 717 1198 767 porta·
1225 707 1333 750 sed
1322 723 1364 749 m
1386 707 1502 750 exitu
1522 706 1618 749 vit-e
1638 705 1716 749 hu·

344 784 412 840 jus
432 781 625 841 repellit
615 780 860 828 mimicum,
900 795 954 822 ne
988 781 1041 821 ad
1072 779 1219 822 altiora
1251 778 1495 838 properanti
1520 776 1715 821 conscius

347 856 480 911 culpae
493 852 693 910 gravioris
710 850 897 893 obsistat.

403 923 556 968 XLIX.
596 923 716 965 Unde
733 921 913 980 mystice
931 920 1011 963 illis
1028 920 1248 979 respondit
1265 919 1404 977 major
1419 920 1583 964 domus.
1609 918 1664 962 Et
1682 918 1716 961 is

349 996 422 1055 qui
443 995 495 1038 sit
515 994 715 1052 intellige,
742 1008 840 1035 cum
864 992 1014 1050 legeris
1036 992 1210 1050 Moysen
1231 991 1402 1034 fidelem
1424 992 1466 1034 in
1483 999 1569 1034 tota
1588 991 1715 1034 domo

348 1067 452 1124 ejus.
484 1063 663 1121 Maiores
686 1063 797 1105 enim
821 1064 990 1111 domus,
1013 1062 1195 1121 Moyses,
1221 1062 1388 1110 Petrus,
1412 1071 1455 1105 et
1475 1062 1648 1111 Paulus,
1673 1069 1716 1104 et

345 1135 485 1180 caeteri
513 1134 656 1177 Sancti
686 1142 815 1176 sunt:
848 1133 1041 1176 Christus
1076 1141 1216 1176 autem
1253 1134 1366 1176 solus
1403 1141 1466 1177 est
1501 1132 1711 1177 dominus.

352 1208 567 1266 Scriptum
588 1214 675 1249 est:
694 1224 708 1245 α
727 1204 835 1258 Quia
858 1206 1022 1263 Moyses
1043 1203 1180 1248 fidelis
1202 1205 1245 1248 in
1262 1213 1351 1248 tota
1373 1205 1499 1248 domo
1519 1204 1612 1266 ejus
1629 1210 1718 1247 tan-

349 1293 504 1336 nquam
537 1276 717 1319 famulus
740 1275 781 1319 in
805 1275 1095 1317 testimonium
1122 1290 1270 1318 eorum
1293 1291 1387 1334 quae
1411 1274 1523 1318 dicta
1546 1282 1713 1330 essent:

351 1367 368 1389 »
383 1348 574 1391 Christus
601 1339 958 1404 autem'tanquam
981 1345 1092 1389 filius
1115 1347 1158 1389 in
1181 1347 1307 1389 domo
1331 1362 1422 1398 sua,
1447 1361 1541 1404 quae
1565 1344 1717 1389 domus

351 1435 456 1462 »nos
479 1434 641 1468 sumus,
667 1418 699 1461 si
721 1417 961 1460 libertatem
979 1426 1020 1460 et
1037 1418 1213 1476 gloriam
1236 1418 1322 1477 spei
1342 1415 1646 1461 tenuerimus2.
1661 1433 1679 1457 ι

407 1490 452 1534 L.
490 1490 568 1533 Hic
591 1504 690 1547 ergo
714 1488 853 1546 major
875 1490 1026 1531 domus
1047 1489 1266 1547 respondit
1288 1488 1392 1532 illis:
1411 1487 1653 1546 «Propitius
1666 1487 1718 1542 sisst

345 1559 491 1602 »vobis
521 1559 651 1609 Deus,
686 1558 817 1601 nolite
850 1559 1021 1609 timere;
1058 1559 1171 1602 Deus
1204 1559 1318 1602 enim
1349 1567 1503 1609 vester,
1537 1565 1581 1601 et
1601 1553 1718 1601 Deus

347 1639 544 1690 »patrum
570 1639 806 1673 vestrorum
830 1630 946 1673 dedit
967 1630 1087 1673 vobis
1109 1631 1330 1673 thesauros
1350 1630 1394 1673 in
1416 1629 1595 1673 sacculis
1620 1642 1717 1672 ves-

347 1720 364 1742 »
378 1703 474 1745 tris:
499 1711 540 1745 at
564 1710 784 1761 argentum
806 1702 995 1748 vestrum
1016 1703 1216 1761 probum,
1242 1711 1466 1761 acceptum
1487 1698 1668 1744 habeo‘.
1689 1699 1705 1740 xi

346 1773 411 1817 Illi
437 1773 549 1816 enim
575 1774 790 1816 dixerant:
820 1773 1084 1831 «Argentum
1104 1772 1443 1831 uniuscnjusque
1470 1771 1514 1815 in
1539 1769 1718 1813 sacculis

347 1863 363 1885 ι
378 1844 528 1888 nostris
552 1844 811 1895 invenimus,
846 1845 899 1886 ad
921 1843 1087 1902 pondus
1111 1853 1331 1903 argentum
1354 1851 1546 1886 nostrum
1569 1839 1718 1884 retuli>-

350 1915 513 1959 »mus⁴.
530 1934 546 1955 »
573 1915 611 1959 O
631 1931 784 1974 magna
813 1914 1032 1974 mysteria,
1067 1923 1109 1958 et
1138 1915 1358 1958 evidenter
1385 1914 1603 1973 expressa!
1627 1906 1718 1955 Hoc

350 1996 412 2030 cst
435 1987 598 2029 dicere:
615 2004 631 2025 «
647 1986 734 2029 Cur
754 1985 988 2029 inflamini?
1007 1985 1094 2028 Cur
1113 1994 1337 2044 argentum
1357 2001 1431 2028 vos
1451 1983 1720 2028 habere⁴.ves—

349 2067 463 2100 trum
480 2057 523 2100 in
540 2058 716 2100 sacculis
733 2058 883 2116 saepius
900 2057 1139 2115 usurpatis?
1161 2057 1276 2110 Quid
1292 2056 1404 2099 enim
1420 2055 1585 2099 habetis
1601 2055 1721 2114 quod

352 2144 437 2171 nen
459 2128 708 2186 accepistis?
729 2128 772 2171 Si
790 2123 930 2171 a‘utem
950 2128 1185 2187 accepistis,
1205 2127 1306 2185 quid
1325 2125 1578 2186 gloriamini,
1601 2125 1719 2184 qnasi

352 2214 436 2241 non
455 2198 730 2256 acceperitis?
749 2199 845 2242 Jam
862 2200 1034 2243 saturati
1055 2199 1170 2249 estis,
1191 2199 1340 2242 divites
1360 2198 1460 2241 sacti
1481 2197 1600 2247 estis,
1620 2196 1718 2254 quia

355 2277 574 2327 argentum
602 2268 759 2312 habere
790 2285 862 2312 vos
885 2270 1077 2313 creditis:
1092 2270 1196 2313 »sed
1218 2277 1439 2327 argentum
1463 2268 1583 2312 vobis
1603 2264 1718 2310 Deus

351 2348 520 2397 patrum
535 2347 771 2382 vestrorum
795 2341 922 2384 dedit.
950 2341 1025 2383 llle
1042 2341 1155 2383 Deus
1175 2348 1328 2388 vester,
1350 2330 1612 2398 illepatrum
1628 2352 1720 2380 ves-

351 2420 513 2452 trorum
533 2410 646 2452 Deus
668 2417 748 2458 est,
777 2426 903 2468 quem
926 2411 1118 2470 negastis.
1149 2410 1232 2453 Sed
1252 2410 1454 2469 ignoscit,
1479 2410 1553 2453 sed
1575 2408 1719 2469 31¹3&ss

353 2489 438 2539 get,
468 2482 541 2523 sed
566 2480 731 2538 recipit,
760 2482 793 2523 si
816 2483 1096 2526 revertamini.
1120 2483 1219 2542 lpse
1240 2490 1303 2525 cst
1329 2482 1400 2540 qni
1424 2490 1611 2525 vestrum
1632 2480 1719 2524 nim

352 2551 501 2610 quaerit
516 2558 752 2609 argentum,
772 2568 896 2594 suum
919 2554 1061 2596 donat.
1089 2554 1183 2613 Ipse
1208 2554 1327 2596 vobis
1351 2553 1467 2596 dedit
1489 2553 1715 2612 argentum

399 2649 409 2666 ⁸
429 2642 514 2676 Gen.
531 2653 737 2688 xm11,19.—
753 2653 766 2668 ⁸
785 2643 894 2679 nebr.
915 2656 969 2687 m,
987 2647 1020 2687 5,
1033 2646 1118 2679 6.-
1133 2647 1146 2670 ³
1161 2646 1245 2679 Gen.
1265 2657 1357 2684 ηιμ,
1371 2645 1475 2679 25.-
1488 2642 1608 2677 ⁴1btd.
1631 2652 1686 2677 2¹.
