1780 3120
325 234 411 291 390
875 244 905 276 s.
946 237 1138 276 inanest*

320 332 514 369 mentum
555 324 675 366 Unde
696 332 739 366 ct
756 324 889 367 David
911 334 953 368 et
973 325 1248 368 benedictum
1271 325 1580 381 :estimaviflet
1602 326 1688 386 dig-

323 410 428 440 num
464 395 724 438 habitatione
758 396 942 446 coelesti,
967 414 983 435 «
1017 396 1102 449 Qui
1132 396 1356 454 pecuniam
1386 412 1473 439 non
1504 397 1621 441 dedit
1645 397 1688 441 in

324 485 342 507 ι»
355 481 528 509 usuram
546 465 577 508 ¹.
592 484 608 505 »
629 465 672 508 Si
693 467 793 524 crgo
810 466 881 524 qui
899 482 983 509 non
1001 467 1134 517 dedit,
1152 467 1403 510 benedictus
1418 485 1430 517 ;
1448 468 1540 511 sine
1557 467 1689 512 dubio

322 536 574 580 maledictus
587 569 598 586 ,
621 536 694 594 qui
711 539 763 579 ad
780 545 954 580 usuram
972 532 1101 581 dedit.
1127 538 1213 580 Cur
1227 554 1327 597 ergo
1345 539 1690 584 maledictionem

260 635 263 637 <
325 606 467 666 potius
487 606 621 665 eligis,
640 622 766 664 quam
780 607 1154 652 benedictionem?
1169 608 1688 661 Potestisbenedictiesm,

325 676 360 719 si
381 675 537 726 velitis,
562 677 735 734 potestis
752 677 853 735 justi
871 678 1135 721 esse.-Homo
1156 679 1271 722 enim
1295 678 1434 744 justus
1455 673 1692 739 seeundum

324 746 545 795 Ezechiel,
568 747 641 805 qui
658 747 809 806 pignus
831 747 1013 791 debitori
1028 749 1194 800 reddet,
1213 755 1256 792 et
1276 746 1498 808 pecliniam
1515 765 1635 794 suam
1649 750 1694 794 in

325 832 499 860 usuram
522 829 607 866 non
630 818 791 870 dabit‘2,
814 827 856 863 et
873 818 1306 878 superabundantiam
1322 825 1408 864 non
1431 816 1626 881 accipiet,
1651 829 1695 865 et

323 888 378 931 ab
401 888 604 946 injustitia
623 897 783 933 avertet
799 904 974 934 manum
993 898 1112 934 suam
1133 907 1142 934 τ
1159 882 1520 943 «J11stusestisie,
1539 892 1692 952 inquit,

324 959 436 1002 »vita
462 960 588 1010 vivet,
615 960 718 1003 dicit
739 961 949 1005 Dominus
964 961 994 1006 ⁵.
1022 981 1038 1003 ›>
1053 962 1137 1016 Qui
1161 970 1302 1006 autem
1322 962 1473 1023 pignus
1491 963 1580 1007 ιἰοιι
1601 954 1695 1007 red-

329 1023 462 1080 didit,
493 1039 535 1074 et
568 1031 614 1074 in
643 1032 867 1076 simulacra
899 1034 1093 1092 apposuit
1113 1036 1259 1078 oculos
1284 1051 1409 1085 suos,
1431 1035 1698 1105 iniquitatem

327 1100 457 1152 fecit,
480 1108 580 1145 cum
600 1110 729 1146 usura
753 1103 892 1154 dedit,
909 1112 952 1147 et
973 1104 1409 1163 superabundantiam
1430 1103 1610 1177 accepit,
1627 1105 1700 1149 hic

327 1171 413 1215 vita
439 1172 525 1215 non
552 1173 674 1217 vivet.
708 1174 869 1218 Omnes
894 1175 1135 1234 iniquitates
1164 1177 1263 1232 istas
1286 1177 1412 1228 fecit,
1441 1175 1581 1221 morte
1605 1172 1701 1220 mo-

330 1242 503 1287 rietur.
526 1244 694 1304 sanguis
722 1244 815 1303 ejus
836 1253 963 1305 super
981 1247 1119 1306 ipsum
1141 1248 1235 1292 erit.
1263 1245 1368 1292 Vide
1392 1241 1609 1322 quomodo
1628 1243 1702 1292 foe-

333 1316 574 1357 neratorem
591 1329 688 1369 cum
702 1313 923 1359 idololatra
941 1318 1171 1376 copulavit,
1186 1318 1305 1377 quasi
1318 1318 1482 1362 crimen
1496 1310 1696 1378 aequaret.

328 1383 449 1442 Elige
465 1398 565 1448 ergo
583 1385 700 1443 quod
719 1387 846 1429 dulce
859 1390 935 1431 est.

390 1450 498 1498 LIII.
535 1454 623 1498 Cur
651 1466 819 1515 semper
847 1457 1018 1501 tristes?
1042 1470 1120 1501 cur
1137 1465 1307 1519 semper
1328 1457 1606 1504 amai-issimi?
1626 1454 1703 1504 cur

333 1538 500 1584 semper
520 1525 716 1570 solliciti?
732 1524 941 1572 Procedat
964 1528 1195 1587 aliquando
1217 1546 1239 1574 a
1257 1529 1374 1574 vobis
1394 1526 1702 1580 misericordia,

332 1598 537 1654 procedat
553 1591 730 1641 veritas:
753 1598 965 1657 obligetur
980 1593 1270 1651 mendacium,
1288 1600 1403 1644 fraus
1419 1599 1519 1644 odio
1535 1600 1601 1645 sit.
1624 1594 1706 1644 D'o-

335 1667 480 1710 cuistis'
497 1667 755 1726 perjurium:
774 1669 1095 1713 foeneratorium
1111 1679 1426 1715 sacramentum
1445 1669 1617 1722 dicitur,
1631 1670 1706 1715 ubi

332 1739 508 1797 Paratur
521 1739 771 1797 perjurium.
798 1735 980 1785 parastis
1002 1740 1250 1800 frequenter
1271 1757 1372 1786 cum
1393 1735 1559 1787 reddita
1579 1734 1708 1787 fuerit

332 1809 529 1867 pecunia,
555 1806 671 1868 quod
693 1811 930 1870 syngrapha
954 1827 1039 1855 non
1061 1822 1263 1872 appareat
1291 1829 1301 1856 :
1335 1812 1534 1873 pejeratis
1556 1811 1705 1884 postea

332 1880 449 1937 quod
469 1892 554 1923 non
576 1882 821 1941 receperitis
840 1884 1078 1942 pecuniam.
1101 1883 1243 1929 Nolite
1261 1888 1362 1944 ergo
1379 1884 1548 1945 semper
1563 1885 1707 1930 miseri

332 1967 439 2001 esse,
469 1960 637 2010 semper
661 1955 797 2005 avari,
821 1966 989 2014 semper
1006 1956 1159 1999 moesti.
1183 1954 1347 2000 Leones
1367 1958 1481 2007 sunt,
1501 1964 1545 2000 et
1563 1948 1709 2000 scrita·
1744 1996 1758 2010 ,

331 2030 420 2065 tem
442 2024 560 2066 sua'm
577 2024 764 2067 mutant·
783 2016 872 2068 «De
889 2019 1194 2077 manducante,
1213 2027 1369 2087 inquit,
1391 2014 1519 2072 exivit
1533 2042 1647 2078 esca,
1666 2026 1710 2071 et

334 2109 352 2132 n
367 2093 418 2135 de
438 2093 546 2136 forte
564 2102 605 2137 et
624 2094 732 2138 tristi
749 2096 858 2139 exivi
874 2097 1052 2140 dulce:
1073 2117 1089 2138 n
1103 2105 1282 2157 graecus,
1298 2117 1314 2139 α
1328 2093 1380 2142 Et
1400 2087 1509 2142 tristi
1521 2118 1538 2140 »
1550 2085 1706 2143 babet·

337 2161 397 2204 sic
428 2163 676 2221 invenimus.
713 2166 874 2209 Tamen
913 2167 964 2210 de
998 2168 1094 2211 sorti
1103 2132 1199 2212 ²3hoc
1222 2169 1486 2234 intelligitur,
1516 2163 1615 2228 quia
1638 2168 1708 2213 leo

337 2232 457 2276 fortis
477 2240 540 2277 est
558 2235 750 2280 set-itate:
777 2246 819 2281 et
841 2239 911 2296 qui
935 2233 1064 2290 felu,s
1086 2240 1228 2285 tristis.
1251 2237 1304 2285 Et
1327 2241 1381 2285 de
1404 2228 1523 2285 vobis
1543 2240 1618 2300 qui
1634 2256 1711 2301 pe-

340 2304 507 2348 cuniam
541 2312 584 2349 et
615 2308 831 2352 avaritiam
864 2311 1098 2361 devoratis,
1127 2320 1248 2356 exeat
1269 2303 1586 2362 misericordia:
1618 2298 1711 2356 baec

339 2374 454 2416 enim
483 2382 578 2419 'esca
603 2385 665 2421 est
689 2392 956 2438 egenorum.
984 2387 1036 2426 et
1049 2373 1102 2426 de
1124 2382 1232 2427 tristi
1254 2394 1376 2428 exeat
1404 2372 1552 2434 dulce,
1576 2391 1625 2427 ut
1647 2365 1713 2426 di·-

341 2445 517 2490 mittatis
533 2449 570 2490 ei
587 2451 659 2507 qui
681 2465 766 2494 non
785 2452 914 2497 habet
936 2456 1049 2498 unde
1067 2454 1278 2499 dissolvat.
1303 2446 1420 2510 Quid
1435 2440 1602 2500 trahitis
1619 2449 1714 2515 pec-

344 2516 436 2559 eata
459 2515 505 2560 ut
532 2518 632 2563 fune
655 2523 803 2581 longo
838 2532 878 2567 et
901 2524 973 2584 jug,
961 2525 988 2568 i
1012 2524 1103 2570 loro
1128 2526 1298 2570 vitulas?
1328 2515 1458 2580 Quod
1480 2511 1527 2570 lit
1548 2518 1709 2584 titique,

389 2610 503 2644 ¹.Psal
519 2622 591 2654 xiv,
610 2615 642 2649 5.
658 2614 726 2642 2--
713 2616 867 2651 »Ezech.
886 2626 984 2658 xviii,
1003 2630 1033 2661 7.
1055 2607 1234 2652 —1ibid.
1252 2622 1283 2662 9.
1294 2608 1486 2653 -Ηιιιιίὁ
1506 2617 1573 2655 xiv.
1595 2615 1644 2656 it·
