1780 3120
329 243 414 287 382
871 254 904 282 ι.
944 251 1137 283 Amnem

322 333 401 377 sibi
442 333 526 376 tale
557 338 670 374 sorte
708 338 930 389 superatus
962 331 1197 382 intulerat,
1229 330 1445 392 suppliciis
1475 331 1691 396 imperafiae

323 403 472 447 mortis
495 401 709 446 exolverit.
738 401 898 445 Premit
921 417 1022 461 ergo
1045 401 1276 447 I'oenerator
1301 404 1430 448 etiam
1447 407 1556 451 colla
1571 406 1691 451 Chu-

321 490 493 525 norum,
519 481 560 517 et
577 489 651 517 eos
672 482 797 533 urget
820 473 864 517 in
883 473 1062 524 serrum,
1091 475 1248 533 premit
1267 475 1472 522 barbaros
1493 492 1580 523 suae
1601 484 1690 523 ter-

320 561 418 589 rore
439 545 619 589 saevitIae.

318 717 378 729 m
385 716 631 729 mmmm
638 702 1190 729 mfflmmmnsummsn
1197 707 1690 733 mmmmm-dnm

850 833 1029 879 CAPUT
1058 835 1157 881 XII.

289 1001 296 1009 ,
317 969 384 1013 De
410 970 729 1028 foen-oratorum
749 969 979 1014 exactione
996 1003 1008 1022 ‚
1028 981 1079 1018 ‘ct
1099 970 1243 1014 variis
1266 970 1497 1016 vocabulis
1525 970 1686 1029 quibus

373 1049 576 1093 utantur.
608 1041 785 1086 Eorum
810 1042 1007 1101 pecunia
1036 1052 1327 1101 eomparatur
1359 1054 1462 1087 ewm
1489 1043 1683 1089 echidna

373 1112 558 1169 aliisque
576 1112 852 1171 serpentibus
861 1130 880 1164 ;
905 1112 984 1157 ubi
997 1128 1078 1156 eur
1090 1128 1247 1158 usuras
1264 1115 1411 1158 Groect'
1422 1123 1545 1170 τόκους
1554 1115 1683 1162 dimo-

344 1183 483 1251 ἐξίναι,
505 1183 773 1241 explicatur.

364 1319 454 1363 XL.
493 1320 606 1372 Qum
630 1321 746 1363 enim
773 1321 923 1364 tetrius
945 1337 996 1365 eo
1022 1323 1094 1380 qui
1128 1323 1258 1368 hodie
1277 1325 1485 1376 soenerat.
1516 1334 1561 1371 et
1581 1335 1676 1371 cras

308 1389 498 1448 expetit?
518 1390 572 1433 Et
587 1391 771 1441 odibilis,
791 1392 944 1449 inquit,
961 1393 1091 1436 homo
1107 1394 1367 1453 hujusmodi.
1391 1396 1563 1440 oblatio
1579 1397 1676 1455 qui-

305 1459 402 1501 dem
425 1460 604 1510 blanda,
633 1463 707 1504 sed
730 1461 926 1505 immanis
948 1464 1123 1508 exactio.
1152 1465 1311 1510 Verum
1335 1467 1425 1525 ipsa
1447 1468 1674 1513 oblationis

298 1528 538 1573 humanitas
555 1531 655 1573 facit
677 1540 720 1574 et
735 1533 968 1576 exactionis
984 1535 1185 1579 saevitiam
1201 1553 1211 1578 ε
1228 1538 1407 1596 protulit
1423 1539 1668 1598 pecuniam,

298 1599 561 1659 hypothecas
582 1603 710 1662 exigit
732 1603 844 1661 (80),
870 1613 912 1647 et
934 1605 978 1648 in
1000 1607 1085 1650 suis
1107 1609 1323 1668 apothecis
1343 1610 1551 1655 recondit.
1577 1611 1670 1656 Una

297 1672 480 1728 pecunia
504 1689 526 1715 a
551 1672 880 1718 soeneratoribus
897 1677 1038 1728 datur,
1062 1687 1105 1721 et
1125 1695 1252 1737 qutun
1270 1682 1405 1725 multa
1422 1697 1445 1725 a
1466 1681 1668 1726 debitori-

294 1739 374 1783 bus
395 1742 650 1801 exiguntur?
676 1745 846 1797 Quanta
868 1747 948 1790 sibi
977 1747 1172 1793 fecerunt
1193 1751 1432 1794 vocabula?
1454 1751 1665 1796 Nummus

294 1811 435 1862 datur,
458 1813 595 1857 soenus
615 1817 851 1874 appellatur
875 1833 885 1860 :
911 1833 1000 1861 sors
1019 1819 1198 1872 dicitur,
1223 1830 1353 1880 caput
1376 1828 1585 1867 vocatur:
1606 1829 1662 1867 tes
1731 1824 1736 1826 ⁷

291 1881 478 1927 alienum
501 1885 703 1929 scribitur
728 1902 738 1930 ε
765 1889 1000 1932 multorum
1024 1890 1107 1933 hoc
1135 1892 1325 1950 capitum
1347 1892 1533 1936 immane
1556 1907 1661 1952 ‚pro-

290 1951 450 2011 digium
477 1971 748 2000 numerosam
770 1960 1036 2003 exactionem
1055 1961 1185 2006 efficit
1205 1978 1215 2005 :
1239 1963 1524 2022 syngrapham
1544 1972 1660 2007 nun-

286 2034 429 2083 cupat,
450 2027 782 2088 chirographum
801 2032 1008 2084 nominat,
1028 2033 1291 2093 hypothecas
1307 2034 1486 2094 flagitat,
1504 2034 1657 2094 pignus

283 2106 486 2156 usurpat,
506 2098 683 2143 fiducias
701 2110 848 2153 vocat,
868 2104 1174 2163 obligationem
1193 2105 1356 2158 asserit,
1380 2121 1530 2151 usuras
1550 2114 1656 2165 prae-

281 2165 418 2218 dicat,
449 2172 700 2216 centesimas
723 2175 881 2218 laudat.
1539 2219 1542 2222 .

336 2237 446 2283 XLI.
484 2240 677 2286 Echidna
703 2247 898 2302 quaedam
928 2256 994 2291 est
1018 2248 1285 2292 soeneratoris
1311 2248 1493 2307 pecunia
1511 2279 1525 2299 ‚
1556 2261 1650 2306 quoe

278 2316 394 2352 tanta
419 2314 529 2360 mala
558 2315 752 2372 parturit.
793 2317 986 2361 Echidna
1009 2327 1151 2363 tamen
1173 2322 1262 2377 (81)
1284 2319 1481 2363 foecunda
1512 2317 1648 2376 poenis

277 2378 438 2424 viscera
466 2383 661 2434 trahens,
693 2394 820 2444 partu
846 2403 924 2431 suo
954 2389 1180 2449 rumpitur.
1211 2390 1265 2432 Et
1291 2398 1430 2433 morte
1455 2396 1645 2433 materna

277 2449 402 2509 docet
419 2452 608 2497 sobolem
631 2471 717 2498 non
738 2473 829 2501 esse
847 2460 1100 2518 degenerem
1119 2461 1162 2503 in
1178 2469 1372 2504 matrem.
1393 2459 1527 2518 Igitur
1540 2457 1643 2502 inci.-

270 2520 397 2585 piunt
419 2538 510 2568 esse
531 2536 774 2585 serpentes,
806 2529 923 2575 illam
947 2532 1161 2576 morsibus
1191 2531 1276 2575 suis
1307 2530 1520 2575 scindunt.
1546 2528 1642 2574 Illic

269 2591 344 2641 ubi
365 2594 553 2641 nascitur
573 2611 788 2646 venenum
802 2633 814 2653 ,
835 2601 1023 2659 primum
1043 2602 1265 2663 probatur.
1292 2600 1481 2659 Pecunia
1491 2606 1639 2667 autem
