1780 3120
295 202 353 245 60
839 212 870 240 s,
910 210 1102 240 annnosu

296 294 413 338 istius
430 290 613 349 corporis
633 288 788 337 nervis,
809 297 851 331 et
867 288 962 331 ideo
985 288 1200 330 interdum
1217 284 1399 344 rigessit,
1425 301 1534 346 saepe
1551 301 1655 330 cur-

295 373 427 407 vatur.
457 364 508 404 Et
528 360 687 403 addidit
706 375 716 401 :
741 377 757 398 α
774 358 840 401 Ab
862 358 1084 416 iniquitate
1102 357 1375 400 innocentem
1392 371 1461 400 me
1482 371 1569 400 non
1589 356 1657 401 se-

294 451 311 473 »
325 432 428 474 cisti.
451 430 492 472 Si
509 430 619 472 enim
639 428 791 486 impius
808 428 942 477 suero,
962 443 1023 471 vae
1040 426 1145 469 mihi
1166 443 1175 468 :
1196 426 1228 469 si
1247 435 1386 469 autem
1402 426 1482 470 sim·
1495 426 1652 485 justus,

295 517 405 544 »non
432 508 578 559 potero
601 515 669 542 me
693 499 911 542 reclinare.
937 499 1091 541 Plenus
1118 498 1232 541 enim
1258 498 1518 542 confusionis
1540 513 1649 542 sum.

294 591 311 612 »
324 571 593 614 Introduxisti
615 586 740 628 super
756 585 824 612 me
847 568 1142 612 tentationes¹.
1163 587 1178 609 >2
1194 569 1309 622 Quid
1325 569 1438 612 enim
1454 577 1519 612 est
1539 568 1656 613 aliud

295 641 384 684 haec
407 643 488 684 vita
505 641 582 683 nisi
598 642 719 698 plena
736 639 1017 696 laqueorum?
1039 640 1156 682 Inter
1175 641 1348 697 laqueos
1367 640 1654 690 ambulamus,

296 711 405 753 inter
427 711 625 769 plurimas
651 724 865 753 versamur
883 708 1151 761 tentationes,
1176 709 1369 766 Denique
1394 709 1506 752 idem
1529 724 1656 768 supra

295 780 351 822 ait
373 796 414 822 :«
434 780 644 837 Numquid
661 795 746 822 non
770 779 945 822 tentatio
972 787 1035 821 est
1058 779 1142 821 vita
1164 779 1348 821 hominis
1371 779 1412 820 in
1437 787 1549 822 terra
1565 778 1579 800 ²
1594 778 1614 821 P
1629 795 1650 819 »

294 849 408 892 Bene
432 850 622 900 addidit,
650 850 692 892 in
718 858 844 899 terra,
872 849 969 907 quia
993 856 1057 892 est
1085 849 1168 892 vita
1191 849 1375 892 hominis
1395 857 1437 892 et
1459 849 1502 892 in
1530 839 1654 893 coelo.

305 936 322 958 α
343 919 461 961 Sicut
484 919 748 969 mercenarii,
768 919 919 976 inquit,
943 934 1107 961 merces
1129 919 1212 961 vita
1233 918 1371 976 ejus³,
1385 909 1407 959 ὐ
1440 919 1484 962 iu
1505 919 1658 963 labore

296 989 455 1031 scilicet
471 997 512 1032 et
528 997 689 1047 tepore,
708 988 839 1031 levior
855 988 1023 1038 sabulis,
1047 996 1090 1031 et
1111 987 1300 1038 fluitans,
1325 996 1369 1031 et
1388 997 1539 1032 natans
1559 1004 1661 1032 ver-

296 1060 360 1102 bis
380 1075 388 1102 :
414 1060 534 1117 cujus
550 1060 752 1103 habitatio
776 1060 818 1102 in
835 1060 958 1103 luteis
981 1060 1192 1109 domibus,
1214 1067 1257 1103 et
1274 1060 1363 1118 ipsa
1379 1060 1523 1103 vitain
1540 1062 1650 1104 luto.

296 1128 417 1173 Nulla
452 1129 667 1173 firmitudo
700 1130 917 1173 sententiae
935 1164 945 1180 ,
981 1131 1095 1172 nulla
1120 1130 1370 1174 constantia.
1406 1131 1456 1174 In
1485 1131 1554 1174 die
1575 1144 1663 1176 nox

298 1200 581 1250 desideratur,
603 1201 645 1243 in
668 1210 793 1243 nocte
810 1201 897 1243 dies
918 1200 1122 1258 quaeritur
1141 1216 1151 1243 :
1174 1208 1270 1243 ante
1291 1216 1433 1244 escam
1452 1201 1660 1260 gemitus,

298 1269 409 1311 inter
424 1270 541 1312 cibos
560 1270 711 1320 fletus,
737 1271 951 1328 lacrymae,
975 1272 1166 1321 dolores,
1191 1271 1390 1329 timores,
1410 1270 1668 1314 sollicitudi-

299 1353 394 1389 nes,
422 1342 536 1383 nulla
558 1341 722 1398 requies
751 1357 773 1384 a
798 1341 1217 1400 perturbationibus,
1243 1342 1360 1384 nulla
1388 1338 1418 1384 a
1440 1341 1662 1384 laboribus

297 1410 534 1459 reclinatio,
559 1410 629 1452 irae
654 1418 697 1453 et
719 1411 1017 1469 indignationis
1044 1420 1186 1455 motus
1210 1411 1438 1457 horridior.
1463 1411 1663 1469 Plerique

301 1477 477 1535 cupiunt
499 1488 705 1530 mortem,
734 1488 776 1523 et
794 1496 881 1523 non
906 1480 1135 1540 impetrant
1154 1497 1164 1524 τ
1190 1481 1388 1524 stantem
1410 1481 1663 1540 impetrave-

294 1547 392 1598 rint,
418 1551 680 1606 gratulantur
690 1567 702 1600 ς
722 1551 818 1609 quia
840 1553 926 1595 sola
942 1560 1006 1595 est
1023 1567 1137 1595 mors
1153 1551 1322 1610 requies
1338 1551 1444 1595 viro.

296 1707 1035 1727 mmmmmmmmmmmns
1041 1708 1668 1736 mmmmmmmmmuq

837 1821 1016 1866 CAPUT
1046 1822 1116 1866 IV.

302 1963 349 2009 M
352 1974 419 2007 or
420 1979 489 2006 em
503 1965 656 2008 maltis
666 1966 919 2010 nominibus
935 1982 1020 2010 esso
1038 1966 1226 2010 bonam.
1237 1966 1312 2009 sed
1331 1965 1533 2008 mamime
1548 1963 1668 2023 quod

358 2035 415 2078 sit
449 2035 557 2093 sirus
583 2039 771 2093 pcccati,
807 2048 847 2080 ot
882 2039 943 2081 ad
977 2039 1206 2081 meliorem
1235 2055 1262 2082 ι
1270 2038 1381 2081 itam
1419 2035 1664 2079 transitus
1644 2067 1660 2088 ‚

363 2107 596 2162 quodque'
579 2122 675 2165 tpsa
692 2122 769 2152 nos
790 2109 1039 2152 redemerit.

360 2241 476 2284 XIII.
514 2241 596 2285 San
629 2242 742 2286 dicet
767 2244 914 2302 aliquis
942 2245 1148 2304 seriptum
1183 2260 1274 2289 esse
1296 2244 1394 2303 quia
1421 2244 1537 2287 Deus
1558 2256 1673 2285 mor-

307 2318 395 2353 tem
419 2326 503 2354 non
528 2311 649 2356 secit⁴
669 2328 679 2356 :
699 2314 782 2358 vita
809 2324 899 2358 erat
922 2316 965 2358 in
994 2309 1217 2375 paradiso,
1235 2315 1310 2359 ubi
1334 2307 1500 2374 lignum
1522 2312 1640 2356 vitae‘
1654 2343 1670 2362 ‚

320 2381 400 2424 ‘Et
420 2382 503 2424 vita
522 2391 614 2426 erat
633 2385 705 2427 lux
723 2384 971 2430 hominum‘
979 2419 989 2431 .
1014 2406 1030 2429 »
1051 2388 1163 2433 Mors
1180 2387 1314 2446 igitur
1336 2385 1464 2435 mala,
1490 2398 1583 2442 quae
1600 2397 1675 2426 ac-

354 2484 460 2518 ¹Job.
474 2497 505 2520 x.
522 2487 720 2534 14‚etseqq.
734 2508 771 2515 ·—
792 2491 872 2525 ²Id.
894 2503 954 2530 vn,
975 2502 1001 2526 ι.
1019 2491 1196 2525 -31bid.
1213 2490 1377 2535 -⁴Sap.
1392 2500 1415 2527 1,
1434 2489 1486 2523 13.
1501 2484 1675 2519 —ffGen-

312 2547 349 2576 n,
365 2539 589 2582 9—-⁶Joan.
605 2541 680 2581 54.
