1780 3120
305 253 394 323 376
858 271 891 302 s·
930 271 1120 302 Aunnosu

304 355 505 403 manitas.
534 353 625 398 haec
654 352 857 397 debitoris
881 352 1079 401 stultitia;
1115 358 1160 394 ut
1185 349 1280 393 filiis
1309 344 1464 408 quibus
1489 363 1575 394 non
1604 358 1681 394 red

305 427 461 484 linquit
505 424 732 485 pecuniam
748 457 759 473 ,
793 424 1033 466 libertatem
1074 422 1260 471 auferat,
1297 437 1375 480 pro
1420 429 1677 465 testamento

309 496 657 555 chyrographum
679 494 885 542 dimittat,
907 508 982 552 pro
997 494 1286 535 emolumento
1302 491 1558 535 haereditatis
1579 507 1679 550 syn·

309 566 514 626 grapham
546 560 826 623 obligationis.
868 563 974 616 Quis
1014 563 1094 605 sibi
1129 564 1219 605 vult
1249 562 1415 621 paterni
1443 562 1487 605 in
1519 561 1678 606 liberos

311 637 521 695 scriptura
537 634 774 683 maledicti,
796 633 869 676 ubi
885 635 999 676 nulla
1016 642 1080 676 est
1097 632 1214 692 impii
1232 632 1390 675 offensa
1406 632 1679 692 peccatiFAn

308 716 448 769 potest
477 707 622 750 durius
653 705 822 763 aliquod
841 720 931 747 esse
954 704 1251 754 maledictum,
1276 704 1528 763 graviusque
1547 702 1681 747 servi-

312 781 444 823 tium?
465 780 517 822 Et
534 779 601 821 illa
625 793 735 836 saepe
755 785 850 837 post
872 784 1054 818 mortem
1078 775 1208 819 hahet
1230 775 1457 819 defunctus
1473 789 1682 834 compen-

314 851 382 895 dia
396 884 408 900 ‚
436 849 551 908 quod
572 864 656 891 non
685 856 847 907 spectat
861 846 1049 889 miserias
1073 845 1272 889 filiorum.

372 922 515 965 XXX.
554 919 708 963 Vendit
733 919 983 977 plerumque
1017 926 1059 960 et
1089 926 1209 975 pater
1236 917 1393 960 liberos
1431 916 1683 961 auctoritate

314 990 621 1050 generationis,
656 990 731 1032 sed
759 1004 846 1031 non
868 1003 973 1032 voce
995 988 1161 1047 pietatis
1182 1003 1192 1030 ε
1218 990 1271 1031 ad
1292 987 1533 1031 auctionem
1554 987 1685 1047 pudi-

318 1062 465 1106 bundo
481 1062 601 1104 vultu
622 1060 797 1103 miseros
818 1060 947 1102 trahit
968 1060 1112 1102 dicens
1134 1075 1143 1100 ε
1169 1058 1326 1102 Solvite
1351 1058 1427 1102 filii
1448 1060 1556 1117 gulae
1578 1073 1686 1102 meoe

321 1139 563 1191 sumptum,
590 1130 736 1173 solvite
759 1138 945 1188 paternae
970 1145 1127 1172 mensae
1147 1125 1333 1188 pretium
1355 1145 1366 1173 :
1391 1129 1549 1173 vomite
1570 1128 1688 1188 quod

320 1219 405 1247 non
425 1201 653 1246 devorastis
665 1235 676 1252 ,
698 1202 859 1244 reddite
877 1201 991 1258 quod
1006 1217 1091 1244 non
1110 1201 1353 1259 accepistis;
1371 1201 1454 1244 hoc
1469 1201 1683 1250 meliores,

322 1275 438 1332 quod
464 1281 602 1316 vestro
628 1272 765 1330 pretio
789 1271 995 1314 redimitis
1015 1280 1177 1330 patrem
1194 1304 1206 1320 ,
1229 1279 1363 1314 vestra
1387 1271 1589 1313 servitute
1609 1285 1688 1328 pa-

321 1354 484 1388 ternam
511 1343 649 1386 emitis
666 1342 919 1385 libertatem.

381 1413 547 1458 XXXI.
574 1413 674 1455 Esto
697 1420 744 1454 ut
773 1412 923 1469 aliquis
953 1411 1025 1469 qui
1048 1411 1274 1454 subvenire
1298 1409 1458 1468 possit,
1491 1410 1683 1453 accedat.

328 1485 432 1539 Quis
459 1491 617 1527 tantam
640 1484 805 1541 expleat
823 1482 1121 1540 Chyaribdim;
1145 1482 1237 1540 quis
1258 1481 1441 1524 rationes
1461 1480 1691 1524 soenerato-

325 1556 382 1599 ris
416 1556 614 1613 agnoscat
625 1570 636 1602 3
669 1553 762 1611 quis
790 1553 1006 1596 avaritiam
1037 1552 1182 1602 satiet;
1208 1567 1301 1609 quae
1330 1567 1417 1594 non
1446 1551 1525 1594 iste
1555 1551 1692 1610 pretia

325 1632 563 1683 exaggeret,
581 1639 679 1667 cum
699 1623 851 1666 viderit
875 1621 1197 1680 redemptores?
1213 1621 1308 1665 Non
1329 1621 1443 1664 enim
1466 1636 1544 1675 suo
1558 1620 1692 1680 magis

327 1697 448 1739 lucro
466 1709 590 1751 quam
615 1694 749 1736 alieno
768 1692 1021 1735 detrimento
1037 1692 1237 1749 pascitur.
1259 1690 1367 1735 Vera
1382 1690 1577 1749 profecto
1592 1705 1693 1735 vera

328 1773 416 1816 est,
449 1772 597 1822 utpote
627 1763 727 1812 Dei,
761 1762 899 1805 divina
932 1762 1165 1810 sententia,
1195 1761 1267 1819 qui
1299 1776 1397 1805 cum
1423 1762 1555 1805 iratus
1582 1770 1693 1805 esset

330 1844 505 1895 propter
539 1833 799 1892 impietatem
832 1832 977 1891 populi
1012 1831 1284 1882 Judaeornm,
1323 1834 1440 1891 quod
1466 1840 1562 1891 post
1591 1833 1692 1877 deos

334 1907 469 1950 abiret
494 1905 648 1949 alienos
669 1919 678 1946 :
697 1922 712 1943 «
737 1903 840 1952 Cui,
871 1903 1031 1960 inquit,
1056 1903 1226 1945 vendidi
1248 1918 1322 1946 vos
1342 1901 1644 1946 soeneratori¹P
1665 1920 1682 1942 υ

332 1977 540 2021 Venditur
554 1974 668 2018 enim
689 1974 761 2032 qui
781 1974 989 2031 obligatus
1010 1973 1253 2015 foeneratori
1269 1972 1396 2016 fuerit
1409 2005 1421 2023 ,
1438 1981 1482 2016 et
1495 1971 1695 2016 venditur

333 2064 419 2092 non
441 2062 528 2090 uno
549 2045 685 2104 pretio
699 2077 710 2094 ‚
744 2046 816 2087 sed
839 2044 1085 2103 quotidiano
1105 2059 1115 2085 :
1140 2044 1337 2086 venditur
1358 2058 1444 2086 non
1460 2056 1560 2086 cum
1585 2041 1696 2087 defi-

332 2119 516 2167 nitione,
555 2116 629 2159 sed
659 2131 757 2158 cum
794 2115 1033 2158 accessione
1063 2115 1277 2159 diuturna.
1318 2115 1434 2159 Nova
1467 2128 1695 2158 usurarum

335 2189 476 2234 auctio
505 2203 582 2246 per
607 2202 774 2229 menses
802 2186 1009 2244 singulos,
1037 2201 1143 2228 nova
1175 2186 1251 2228 sub
1283 2184 1528 2243 quotidiana
1556 2184 1696 2229 licita*

333 2261 449 2304 tione
470 2257 671 2302 venditio.
701 2256 786 2309 Qui
808 2258 902 2315 plus
926 2256 1151 2306 obtulerit,
1171 2256 1302 2299 trahit
1321 2255 1513 2315 semper,
1536 2254 1695 2298 venalis

335 2329 560 2378 addicitur,
588 2341 806 2384 nunquam
829 2327 947 2384 quasi
968 2326 1163 2369 venditus
1185 2326 1428 2369 aestimatur.
1453 2324 1604 2384 Magna
1623 2324 1696 2383 igi-e

335 2409 406 2443 tur
422 2399 482 2442 vis
498 2396 678 2441 coelestis
695 2397 924 2439 sententiae.
952 2397 1045 2440 Non
1063 2397 1161 2450 satis
1181 2396 1387 2454 judicavit
1405 2395 1697 2441 Dominusdi*

336 2484 436 2513 cere
466 2483 509 2510 :a
543 2467 622 2511 Cui
642 2466 813 2511 vendidi
835 2483 933 2517 vos;
964 2469 1069 2512 »sed
1097 2467 1282 2524 addidit,
1309 2485 1326 2511 α
1354 2464 1647 2515 Foeueratori?
1665 2483 1683 2507 n

334 2538 533 2585 Offensus
569 2537 675 2583 nihil
704 2538 843 2600 potuit
863 2538 1029 2602 gravius
1049 2538 1261 2591 invenire,
1284 2537 1627 2603 quovindiearot
1649 2535 1694 2587 iu

378 2640 387 2660 ὃ
412 2633 488 2669 lsat.
509 2642 535 2669 ι,
557 2642 585 2668 1·
