<?xml version="1.0" encoding="UTF-8"?>
<!DOCTYPE html PUBLIC "-//W3C//DTD XHTML 1.0 Transitional//EN"
    "http://www.w3.org/TR/xhtml1/DTD/xhtml1-transitional.dtd">
<html xmlns="http://www.w3.org/1999/xhtml" xml:lang="en" lang="en">
 <head>
  <title>
</title>
<meta http-equiv="Content-Type" content="text/html;charset=utf-8" />
  <meta name='ocr-system' content='tesseract 3.04.00' />
  <meta name='ocr-capabilities' content='ocr_page ocr_carea ocr_par ocr_line ocrx_word'/>
</head>
<body>
  <div class='ocr_page' id='page_1' title='image "./omniaequaeextant02ambruoft_0557.png"; bbox 0 0 1780 3120; ppageno 0'>
   <div class='ocr_carea' id='block_1_1' title="bbox 770 269 1540 328">
    <p class='ocr_par' dir='ltr' id='par_1_1' title="bbox 770 269 1540 328">
     <span class='ocr_line' id='line_1_1' title="bbox 770 269 1540 328; baseline -0.001 -14"><span class='ocrx_word' id='word_1_1' title='bbox 770 284 910 315; x_wconf 72' lang='lat' dir='ltr'>max.</span> <span class='ocrx_word' id='word_1_2' title='bbox 1454 269 1540 328; x_wconf 70' lang='lat'>549</span> 
     </span>
    </p>
   </div>
   <div class='ocr_carea' id='block_1_2' title="bbox 161 360 1535 2636">
    <p class='ocr_par' dir='ltr' id='par_1_2' title="bbox 207 360 1427 408">
     <span class='ocr_line' id='line_1_2' title="bbox 207 360 1427 408; baseline -0.002 -10"><span class='ocrx_word' id='word_1_3' title='bbox 207 370 260 398; x_wconf 86' lang='lat' dir='ltr'>tur</span> <span class='ocrx_word' id='word_1_4' title='bbox 272 363 430 408; x_wconf 75' lang='lat' dir='ltr'>placidior</span> <span class='ocrx_word' id='word_1_5' title='bbox 441 360 662 406; x_wconf 69' lang='lat' dir='ltr'>interpellatio</span> <span class='ocrx_word' id='word_1_6' title='bbox 675 360 799 396; x_wconf 70' lang='lat' dir='ltr'>nnio.</span> <span class='ocrx_word' id='word_1_7' title='bbox 827 361 928 395; x_wconf 76' lang='lat' dir='ltr'>nunc</span> <span class='ocrx_word' id='word_1_8' title='bbox 948 371 1014 394; x_wconf 89' lang='lat' dir='ltr'>non</span> <span class='ocrx_word' id='word_1_9' title='bbox 1039 360 1152 407; x_wconf 85' lang='lat' dir='ltr'>inepte</span> <span class='ocrx_word' id='word_1_10' title='bbox 1172 371 1269 396; x_wconf 80' lang='lat' dir='ltr'>cervo</span> <span class='ocrx_word' id='word_1_11' title='bbox 1297 363 1427 407; x_wconf 74' lang='lat' dir='ltr'>compd-</span> 
     </span>
    </p>

    <p class='ocr_par' dir='ltr' id='par_1_3' title="bbox 206 415 1427 460">
     <span class='ocr_line' id='line_1_3' title="bbox 206 415 1427 460; baseline -0.001 -8"><span class='ocrx_word' id='word_1_12' title='bbox 206 418 271 452; x_wconf 83' lang='lat' dir='ltr'>rari</span> <span class='ocrx_word' id='word_1_13' title='bbox 283 440 295 458; x_wconf 86' lang='lat'>‚</span> <span class='ocrx_word' id='word_1_14' title='bbox 307 427 382 452; x_wconf 82' lang='lat' dir='ltr'>eum</span> <span class='ocrx_word' id='word_1_15' title='bbox 397 417 546 455; x_wconf 70' lang='lat' dir='ltr'>Chi-istm</span> <span class='ocrx_word' id='word_1_16' title='bbox 558 417 629 460; x_wconf 81' lang='lat' dir='ltr'>ipse</span> <span class='ocrx_word' id='word_1_17' title='bbox 650 415 807 460; x_wconf 83' lang='lat' dir='ltr'>peridem</span> <span class='ocrx_word' id='word_1_18' title='bbox 821 415 940 448; x_wconf 78' lang='lat' dir='ltr'>animal</span> <span class='ocrx_word' id='word_1_19' title='bbox 956 425 992 449; x_wconf 72' lang='lat' dir='ltr'>se</span> <span class='ocrx_word' id='word_1_20' title='bbox 1010 415 1169 460; x_wconf 64' lang='lat' dir='ltr'>designari</span> <span class='ocrx_word' id='word_1_21' title='bbox 1183 427 1249 450; x_wconf 88' lang='lat' dir='ltr'>non</span> <span class='ocrx_word' id='word_1_22' title='bbox 1261 426 1427 451; x_wconf 69' lang='lat' dir='ltr'>memore-</span> 
     </span>
    </p>

    <p class='ocr_par' dir='ltr' id='par_1_4' title="bbox 162 469 1531 734">
     <span class='ocr_line' id='line_1_4' title="bbox 206 469 1426 515; baseline -0.001 -9"><span class='ocrx_word' id='word_1_23' title='bbox 206 471 262 506; x_wconf 82' lang='lat' dir='ltr'>rit.</span> <span class='ocrx_word' id='word_1_24' title='bbox 295 471 349 505; x_wconf 82' lang='lat' dir='ltr'>tui</span> <span class='ocrx_word' id='word_1_25' title='bbox 376 469 623 505; x_wconf 81' lang='lat' dir='ltr'>similitudinem</span> <span class='ocrx_word' id='word_1_26' title='bbox 653 469 738 503; x_wconf 76' lang='lat' dir='ltr'>hanc</span> <span class='ocrx_word' id='word_1_27' title='bbox 759 469 948 504; x_wconf 78' lang='lat' dir='ltr'>convenisse</span> <span class='ocrx_word' id='word_1_28' title='bbox 972 470 1174 514; x_wconf 78' lang='lat' dir='ltr'>potissimum</span> <span class='ocrx_word' id='word_1_29' title='bbox 1199 471 1243 504; x_wconf 89' lang='lat' dir='ltr'>ob</span> <span class='ocrx_word' id='word_1_30' title='bbox 1271 471 1426 515; x_wconf 77' lang='lat' dir='ltr'>passionis</span> 
     </span>
     <span class='ocr_line' id='line_1_5' title="bbox 206 525 1430 572; baseline 0.002 -13"><span class='ocrx_word' id='word_1_31' title='bbox 206 526 460 571; x_wconf 62' lang='lat' dir='ltr'>susceptionem,</span> <span class='ocrx_word' id='word_1_32' title='bbox 485 525 643 559; x_wconf 58' lang='grc' dir='ltr'>Μυσίαι</span> <span class='ocrx_word' id='word_1_33' title='bbox 655 525 859 559; x_wconf 79' lang='lat' dir='ltr'>vocationem</span> <span class='ocrx_word' id='word_1_34' title='bbox 870 549 880 563; x_wconf 84' lang='lat'><strong>.</strong></span> <span class='ocrx_word' id='word_1_35' title='bbox 896 525 1155 569; x_wconf 77' lang='lat' dir='ltr'>profligationem</span> <span class='ocrx_word' id='word_1_36' title='bbox 1172 525 1313 566; x_wconf 79' lang='lat' dir='ltr'>diaboli,</span> <span class='ocrx_word' id='word_1_37' title='bbox 1331 533 1430 572; x_wconf 76' lang='lat' dir='ltr'>atque</span> 
     </span>
     <span class='ocr_line' id='line_1_6' title="bbox 207 579 1531 625; baseline -0.001 -10"><span class='ocrx_word' id='word_1_38' title='bbox 207 581 436 625; x_wconf 74' lang='lat' dir='ltr'>Apostolorum</span> <span class='ocrx_word' id='word_1_39' title='bbox 446 604 458 617; x_wconf 84' lang='lat'>.</span> <span class='ocrx_word' id='word_1_40' title='bbox 471 581 525 624; x_wconf 87' lang='lat' dir='ltr'>qui</span> <span class='ocrx_word' id='word_1_41' title='bbox 540 585 574 613; x_wconf 89' lang='lat' dir='ltr'>et</span> <span class='ocrx_word' id='word_1_42' title='bbox 589 580 650 623; x_wconf 80' lang='lat' dir='ltr'>ipsi</span> <span class='ocrx_word' id='word_1_43' title='bbox 666 580 755 614; x_wconf 81' lang='lat' dir='ltr'>cervi</span> <span class='ocrx_word' id='word_1_44' title='bbox 767 579 899 613; x_wconf 76' lang='lat' dir='ltr'>suerunt</span> <span class='ocrx_word' id='word_1_45' title='bbox 911 605 921 617; x_wconf 86' lang='lat'>.</span> <span class='ocrx_word' id='word_1_46' title='bbox 937 580 1133 614; x_wconf 75' lang='lat' dir='ltr'>missionem.</span> <span class='ocrx_word' id='word_1_47' title='bbox 1466 582 1531 621; x_wconf 64' lang='lat'>435</span> 
     </span>
     <span class='ocr_line' id='line_1_7' title="bbox 162 634 1422 677; baseline 0.002 -9"><span class='ocrx_word' id='word_1_48' title='bbox 162 636 274 668; x_wconf 74' lang='lat' dir='ltr'>Cnot</span> <span class='ocrx_word' id='word_1_49' title='bbox 287 635 339 669; x_wconf 83' lang='lat' dir='ltr'>u.</span> <span class='ocrx_word' id='word_1_50' title='bbox 353 636 461 677; x_wconf 78' lang='lat' dir='ltr'>Quam</span> <span class='ocrx_word' id='word_1_51' title='bbox 473 634 705 668; x_wconf 70' lang='lat' dir='ltr'>desideraverit</span> <span class='ocrx_word' id='word_1_52' title='bbox 721 634 829 668; x_wconf 76' lang='lat' dir='ltr'>David</span> <span class='ocrx_word' id='word_1_53' title='bbox 843 644 883 668; x_wconf 84' lang='lat' dir='ltr'>ex</span> <span class='ocrx_word' id='word_1_54' title='bbox 909 634 971 668; x_wconf 80' lang='lat' dir='ltr'>hac</span> <span class='ocrx_word' id='word_1_55' title='bbox 982 634 1050 668; x_wconf 83' lang='lat' dir='ltr'>vita</span> <span class='ocrx_word' id='word_1_56' title='bbox 1065 634 1244 668; x_wconf 78' lang='lat' dir='ltr'>innumeris</span> <span class='ocrx_word' id='word_1_57' title='bbox 1256 635 1422 670; x_wconf 75' lang='lat' dir='ltr'>calamita·</span> 
     </span>
     <span class='ocr_line' id='line_1_8' title="bbox 206 688 1428 734; baseline 0.001 -11"><span class='ocrx_word' id='word_1_58' title='bbox 206 689 312 729; x_wconf 84' lang='lat' dir='ltr'>tibus,</span> <span class='ocrx_word' id='word_1_59' title='bbox 326 700 365 724; x_wconf 80' lang='lat' dir='ltr'>ae</span> <span class='ocrx_word' id='word_1_60' title='bbox 381 689 523 733; x_wconf 76' lang='lat' dir='ltr'>peccatis</span> <span class='ocrx_word' id='word_1_61' title='bbox 541 688 683 728; x_wconf 80' lang='lat' dir='ltr'>obnoxia</span> <span class='ocrx_word' id='word_1_62' title='bbox 697 688 829 722; x_wconf 82' lang='lat' dir='ltr'>liberari</span> <span class='ocrx_word' id='word_1_63' title='bbox 845 712 857 729; x_wconf 91' lang='lat'>,</span> <span class='ocrx_word' id='word_1_64' title='bbox 873 694 910 723; x_wconf 85' lang='lat' dir='ltr'>ut</span> <span class='ocrx_word' id='word_1_65' title='bbox 919 688 962 722; x_wconf 82' lang='lat' dir='ltr'>ad</span> <span class='ocrx_word' id='word_1_66' title='bbox 978 695 1186 733; x_wconf 81' lang='lat' dir='ltr'>conspectum</span> <span class='ocrx_word' id='word_1_67' title='bbox 1203 690 1266 723; x_wconf 88' lang='lat' dir='ltr'>Dei</span> <span class='ocrx_word' id='word_1_68' title='bbox 1283 692 1428 734; x_wconf 73' lang='lat' dir='ltr'>perveni·</span> 
     </span>
    </p>

    <p class='ocr_par' dir='ltr' id='par_1_5' title="bbox 206 743 1428 841">
     <span class='ocr_line' id='line_1_9' title="bbox 208 743 1428 788; baseline 0.001 -12"><span class='ocrx_word' id='word_1_69' title='bbox 208 749 258 777; x_wconf 89' lang='lat' dir='ltr'>ret</span> <span class='ocrx_word' id='word_1_70' title='bbox 271 746 280 776; x_wconf 81' lang='lat' dir='ltr'>l</span> <span class='ocrx_word' id='word_1_71' title='bbox 296 743 436 777; x_wconf 85' lang='lat' dir='ltr'>Terram</span> <span class='ocrx_word' id='word_1_72' title='bbox 448 743 662 788; x_wconf 70' lang='lat' dir='ltr'>lacrymarum</span> <span class='ocrx_word' id='word_1_73' title='bbox 677 752 747 776; x_wconf 76' lang='lat' dir='ltr'>esse</span> <span class='ocrx_word' id='word_1_74' title='bbox 761 743 867 776; x_wconf 77' lang='lat' dir='ltr'>lacum</span> <span class='ocrx_word' id='word_1_75' title='bbox 878 765 890 783; x_wconf 93' lang='lat'>,</span> <span class='ocrx_word' id='word_1_76' title='bbox 901 748 936 776; x_wconf 91' lang='lat' dir='ltr'>et</span> <span class='ocrx_word' id='word_1_77' title='bbox 949 753 1023 787; x_wconf 82' lang='lat' dir='ltr'>quae</span> <span class='ocrx_word' id='word_1_78' title='bbox 1036 743 1164 777; x_wconf 85' lang='lat' dir='ltr'>illarum</span> <span class='ocrx_word' id='word_1_79' title='bbox 1182 743 1327 777; x_wconf 74' lang='lat' dir='ltr'>utilitas?</span> <span class='ocrx_word' id='word_1_80' title='bbox 1337 744 1428 788; x_wconf 83' lang='lat' dir='ltr'>Quo·</span> 
     </span>
     <span class='ocr_line' id='line_1_10' title="bbox 206 796 1425 841; baseline 0.002 -12"><span class='ocrx_word' id='word_1_81' title='bbox 206 797 308 831; x_wconf 78' lang='lat' dir='ltr'>modo</span> <span class='ocrx_word' id='word_1_82' title='bbox 320 797 487 841; x_wconf 81' lang='lat' dir='ltr'>Propheta</span> <span class='ocrx_word' id='word_1_83' title='bbox 498 797 640 830; x_wconf 76' lang='lat' dir='ltr'>animam</span> <span class='ocrx_word' id='word_1_84' title='bbox 652 796 863 840; x_wconf 82' lang='lat' dir='ltr'>snpracarnis</span> <span class='ocrx_word' id='word_1_85' title='bbox 875 796 1082 831; x_wconf 77' lang='lat' dir='ltr'>infirmitates</span> <span class='ocrx_word' id='word_1_86' title='bbox 1089 797 1238 831; x_wconf 82' lang='lat' dir='ltr'>attollens</span> <span class='ocrx_word' id='word_1_87' title='bbox 1244 799 1425 832; x_wconf 80' lang='lat' dir='ltr'>orationem</span> 
     </span>
    </p>

    <p class='ocr_par' dir='ltr' id='par_1_6' title="bbox 161 851 1530 1058">
     <span class='ocr_line' id='line_1_11' title="bbox 207 851 1424 895; baseline 0.002 -11"><span class='ocrx_word' id='word_1_88' title='bbox 207 862 273 895; x_wconf 83' lang='lat' dir='ltr'>qna</span> <span class='ocrx_word' id='word_1_89' title='bbox 284 857 414 895; x_wconf 78' lang='lat' dir='ltr'>peccata</span> <span class='ocrx_word' id='word_1_90' title='bbox 429 856 582 894; x_wconf 76' lang='lat' dir='ltr'>teguntur</span> <span class='ocrx_word' id='word_1_91' title='bbox 597 874 610 892; x_wconf 95' lang='lat'>‚</span> <span class='ocrx_word' id='word_1_92' title='bbox 626 861 736 884; x_wconf 82' lang='lat' dir='ltr'>coram</span> <span class='ocrx_word' id='word_1_93' title='bbox 753 851 824 884; x_wconf 85' lang='lat' dir='ltr'>Deo</span> <span class='ocrx_word' id='word_1_94' title='bbox 834 851 989 885; x_wconf 70' lang='lat' dir='ltr'>effuderit</span> <span class='ocrx_word' id='word_1_95' title='bbox 1001 876 1011 889; x_wconf 86' lang='lat'><em>,</em></span> <span class='ocrx_word' id='word_1_96' title='bbox 1032 857 1070 885; x_wconf 91' lang='lat' dir='ltr'>ut</span> <span class='ocrx_word' id='word_1_97' title='bbox 1084 851 1119 884; x_wconf 89' lang='lat' dir='ltr'>in</span> <span class='ocrx_word' id='word_1_98' title='bbox 1141 852 1304 886; x_wconf 82' lang='lat' dir='ltr'>coelestem</span> <span class='ocrx_word' id='word_1_99' title='bbox 1319 853 1424 886; x_wconf 74' lang='lat' dir='ltr'>antam</span> 
     </span>
     <span class='ocr_line' id='line_1_12' title="bbox 208 906 1465 951; baseline 0.002 -12"><span class='ocrx_word' id='word_1_100' title='bbox 208 907 373 941; x_wconf 85' lang='lat' dir='ltr'>introiret.</span> <span class='ocrx_word' id='word_1_101' title='bbox 388 907 543 949; x_wconf 72' lang='lat' dir='ltr'>Ejusdem</span> <span class='ocrx_word' id='word_1_102' title='bbox 561 907 644 940; x_wconf 79' lang='lat' dir='ltr'>aulae</span> <span class='ocrx_word' id='word_1_103' title='bbox 662 907 770 951; x_wconf 76' lang='lat' dir='ltr'>paucis</span> <span class='ocrx_word' id='word_1_104' title='bbox 794 911 974 950; x_wconf 82' lang='lat' dir='ltr'>tanguntur</span> <span class='ocrx_word' id='word_1_105' title='bbox 999 906 1142 944; x_wconf 76' lang='lat' dir='ltr'>deliciae.</span> <span class='ocrx_word' id='word_1_106' title='bbox 1155 917 1230 940; x_wconf 89' lang='lat' dir='ltr'>cum</span> <span class='ocrx_word' id='word_1_107' title='bbox 1243 917 1307 951; x_wconf 85' lang='lat' dir='ltr'>qua</span> <span class='ocrx_word' id='word_1_108' title='bbox 1322 909 1420 942; x_wconf 82' lang='lat' dir='ltr'>etiam</span> <span class='ocrx_word' id='word_1_109' title='bbox 1461 941 1465 946; x_wconf 88' lang='grc'><em>,</em></span> 
     </span>
     <span class='ocr_line' id='line_1_13' title="bbox 204 961 1530 1007; baseline 0.001 -12"><span class='ocrx_word' id='word_1_110' title='bbox 204 961 349 997; x_wconf 73' lang='lat' dir='ltr'>Ecclesia</span> <span class='ocrx_word' id='word_1_111' title='bbox 362 966 582 1005; x_wconf 84' lang='lat' dir='ltr'>comparatur.</span> <span class='ocrx_word' id='word_1_112' title='bbox 1465 964 1530 1007; x_wconf 71' lang='lat'>459</span> 
     </span>
     <span class='ocr_line' id='line_1_14' title="bbox 161 1014 1428 1058; baseline 0.003 -11"><span class='ocrx_word' id='word_1_113' title='bbox 161 1014 273 1048; x_wconf 71' lang='lat' dir='ltr'>enar</span> <span class='ocrx_word' id='word_1_114' title='bbox 297 1015 370 1048; x_wconf 78' lang='lat'>111.</span> <span class='ocrx_word' id='word_1_115' title='bbox 382 1015 458 1049; x_wconf 87' lang='lat' dir='ltr'>Non</span> <span class='ocrx_word' id='word_1_116' title='bbox 473 1014 592 1048; x_wconf 78' lang='lat' dir='ltr'>mirum</span> <span class='ocrx_word' id='word_1_117' title='bbox 604 1015 630 1048; x_wconf 85' lang='lat' dir='ltr'>si</span> <span class='ocrx_word' id='word_1_118' title='bbox 652 1014 759 1048; x_wconf 83' lang='lat' dir='ltr'>David</span> <span class='ocrx_word' id='word_1_119' title='bbox 774 1014 872 1058; x_wconf 74' lang='lat' dir='ltr'>hujus</span> <span class='ocrx_word' id='word_1_120' title='bbox 896 1014 976 1048; x_wconf 79' lang='lat' dir='ltr'>vitae</span> <span class='ocrx_word' id='word_1_121' title='bbox 991 1015 1083 1048; x_wconf 85' lang='lat' dir='ltr'>malis</span> <span class='ocrx_word' id='word_1_122' title='bbox 1094 1038 1106 1056; x_wconf 88' lang='lat'><strong>,</strong></span> <span class='ocrx_word' id='word_1_123' title='bbox 1135 1016 1193 1049; x_wconf 77' lang='lat' dir='ltr'>etsi</span> <span class='ocrx_word' id='word_1_124' title='bbox 1209 1016 1428 1052; x_wconf 75' lang='lat' dir='ltr'>consolatione</span> 
     </span>
    </p>

    <p class='ocr_par' dir='ltr' id='par_1_7' title="bbox 203 1069 1426 1170">
     <span class='ocr_line' id='line_1_15' title="bbox 205 1069 1424 1114; baseline 0 -11"><span class='ocrx_word' id='word_1_125' title='bbox 205 1081 261 1104; x_wconf 82' lang='lat' dir='ltr'>sua</span> <span class='ocrx_word' id='word_1_126' title='bbox 287 1069 422 1104; x_wconf 85' lang='lat' dir='ltr'>minime</span> <span class='ocrx_word' id='word_1_127' title='bbox 445 1074 595 1108; x_wconf 81' lang='lat' dir='ltr'>careant,</span> <span class='ocrx_word' id='word_1_128' title='bbox 616 1069 766 1103; x_wconf 83' lang='lat' dir='ltr'>turbatus</span> <span class='ocrx_word' id='word_1_129' title='bbox 794 1070 835 1103; x_wconf 86' lang='lat' dir='ltr'>sit</span> <span class='ocrx_word' id='word_1_130' title='bbox 848 1080 858 1106; x_wconf 76' lang='grc' dir='ltr'>ς</span> <span class='ocrx_word' id='word_1_131' title='bbox 873 1080 947 1103; x_wconf 91' lang='lat' dir='ltr'>cum</span> <span class='ocrx_word' id='word_1_132' title='bbox 961 1069 1029 1113; x_wconf 85' lang='lat' dir='ltr'>ipse</span> <span class='ocrx_word' id='word_1_133' title='bbox 1043 1070 1193 1103; x_wconf 85' lang='lat' dir='ltr'>Christus</span> <span class='ocrx_word' id='word_1_134' title='bbox 1203 1071 1260 1114; x_wconf 89' lang='lat' dir='ltr'>qui</span> <span class='ocrx_word' id='word_1_135' title='bbox 1286 1077 1424 1105; x_wconf 79' lang='lat' dir='ltr'>mortem</span> 
     </span>
     <span class='ocr_line' id='line_1_16' title="bbox 203 1123 1426 1170; baseline 0.001 -13"><span class='ocrx_word' id='word_1_136' title='bbox 203 1123 326 1158; x_wconf 78' lang='lat' dir='ltr'>subivit</span> <span class='ocrx_word' id='word_1_137' title='bbox 339 1124 556 1157; x_wconf 84' lang='lat' dir='ltr'>voluntariam</span> <span class='ocrx_word' id='word_1_138' title='bbox 567 1148 576 1160; x_wconf 87' lang='lat'>.</span> <span class='ocrx_word' id='word_1_139' title='bbox 591 1123 716 1157; x_wconf 85' lang='lat' dir='ltr'>turbari</span> <span class='ocrx_word' id='word_1_140' title='bbox 731 1123 893 1165; x_wconf 79' lang='lat' dir='ltr'>voluerit,</span> <span class='ocrx_word' id='word_1_141' title='bbox 914 1129 949 1157; x_wconf 87' lang='lat' dir='ltr'>et</span> <span class='ocrx_word' id='word_1_142' title='bbox 976 1134 1043 1168; x_wconf 89' lang='lat' dir='ltr'>quo</span> <span class='ocrx_word' id='word_1_143' title='bbox 1056 1134 1150 1157; x_wconf 82' lang='lat' dir='ltr'>sensu</span> <span class='ocrx_word' id='word_1_144' title='bbox 1163 1124 1226 1157; x_wconf 87' lang='lat' dir='ltr'>boc</span> <span class='ocrx_word' id='word_1_145' title='bbox 1245 1124 1426 1170; x_wconf 75' lang='lat' dir='ltr'>intelligen-</span> 
     </span>
    </p>

    <p class='ocr_par' dir='ltr' id='par_1_8' title="bbox 163 1177 1530 1332">
     <span class='ocr_line' id='line_1_17' title="bbox 206 1177 1423 1224; baseline 0.003 -14"><span class='ocrx_word' id='word_1_146' title='bbox 206 1178 283 1211; x_wconf 90' lang='lat' dir='ltr'>dum</span> <span class='ocrx_word' id='word_1_147' title='bbox 293 1178 308 1209; x_wconf 76' lang='grc' dir='ltr'>ἰ’</span> <span class='ocrx_word' id='word_1_148' title='bbox 325 1177 410 1211; x_wconf 84' lang='lat' dir='ltr'>Item</span> <span class='ocrx_word' id='word_1_149' title='bbox 422 1188 523 1221; x_wconf 84' lang='lat' dir='ltr'>quare</span> <span class='ocrx_word' id='word_1_150' title='bbox 545 1178 611 1210; x_wconf 87' lang='lat' dir='ltr'>alio</span> <span class='ocrx_word' id='word_1_151' title='bbox 622 1178 694 1211; x_wconf 89' lang='lat' dir='ltr'>loco</span> <span class='ocrx_word' id='word_1_152' title='bbox 708 1188 775 1211; x_wconf 90' lang='lat' dir='ltr'>non</span> <span class='ocrx_word' id='word_1_153' title='bbox 800 1179 956 1222; x_wconf 76' lang='lat' dir='ltr'>confiteor</span> <span class='ocrx_word' id='word_1_154' title='bbox 966 1200 978 1217; x_wconf 89' lang='lat'><em>‚</em></span> <span class='ocrx_word' id='word_1_155' title='bbox 994 1178 1050 1211; x_wconf 86' lang='lat' dir='ltr'>sed</span> <span class='ocrx_word' id='word_1_156' title='bbox 1069 1178 1244 1221; x_wconf 75' lang='lat' dir='ltr'>confitebor</span> <span class='ocrx_word' id='word_1_157' title='bbox 1259 1180 1423 1224; x_wconf 76' lang='lat' dir='ltr'>Propheta</span> 
     </span>
     <span class='ocr_line' id='line_1_18' title="bbox 205 1232 1530 1274; baseline 0.002 -9"><span class='ocrx_word' id='word_1_158' title='bbox 205 1232 323 1266; x_wconf 68' lang='lat' dir='ltr'>‘dixerit</span> <span class='ocrx_word' id='word_1_159' title='bbox 338 1233 354 1264; x_wconf 70' lang='grc' dir='ltr'><em>ἲ</em></span> <span class='ocrx_word' id='word_1_160' title='bbox 382 1262 387 1266; x_wconf 83' lang='grc'><strong>.</strong></span> <span class='ocrx_word' id='word_1_161' title='bbox 632 1242 639 1246; x_wconf 93' lang='grc'><em>“</em></span> <span class='ocrx_word' id='word_1_162' title='bbox 1468 1236 1506 1274; x_wconf 65' lang='grc'>44</span> <span class='ocrx_word' id='word_1_163' title='bbox 1515 1248 1530 1267; x_wconf 82' lang='lat'><em>2</em></span> 
     </span>
     <span class='ocr_line' id='line_1_19' title="bbox 163 1285 1423 1332; baseline 0.002 -14"><span class='ocrx_word' id='word_1_164' title='bbox 163 1289 273 1318; x_wconf 70' lang='lat' dir='ltr'>Cnor</span> <span class='ocrx_word' id='word_1_165' title='bbox 292 1285 354 1320; x_wconf 83' lang='lat' dir='ltr'>lv.</span> <span class='ocrx_word' id='word_1_166' title='bbox 372 1286 437 1327; x_wconf 88' lang='lat' dir='ltr'>Qui</span> <span class='ocrx_word' id='word_1_167' title='bbox 456 1286 627 1320; x_wconf 87' lang='lat' dir='ltr'>turbarise</span> <span class='ocrx_word' id='word_1_168' title='bbox 641 1286 719 1319; x_wconf 89' lang='lat' dir='ltr'>boni</span> <span class='ocrx_word' id='word_1_169' title='bbox 733 1287 906 1320; x_wconf 81' lang='lat' dir='ltr'>consulunt</span> <span class='ocrx_word' id='word_1_170' title='bbox 921 1297 976 1320; x_wconf 82' lang='lat' dir='ltr'>eos</span> <span class='ocrx_word' id='word_1_171' title='bbox 1000 1287 1091 1320; x_wconf 83' lang='lat' dir='ltr'>exire</span> <span class='ocrx_word' id='word_1_172' title='bbox 1104 1297 1143 1320; x_wconf 84' lang='lat' dir='ltr'>ex</span> <span class='ocrx_word' id='word_1_173' title='bbox 1168 1287 1313 1332; x_wconf 83' lang='lat' dir='ltr'>AEgypto</span> <span class='ocrx_word' id='word_1_174' title='bbox 1325 1311 1336 1328; x_wconf 89' lang='lat'>‚</span> <span class='ocrx_word' id='word_1_175' title='bbox 1349 1299 1423 1332; x_wconf 83' lang='lat' dir='ltr'>quae</span> 
     </span>
    </p>

    <p class='ocr_par' dir='ltr' id='par_1_9' title="bbox 205 1339 1426 1384">
     <span class='ocr_line' id='line_1_20' title="bbox 205 1339 1426 1384; baseline 0.003 -13"><span class='ocrx_word' id='word_1_176' title='bbox 205 1350 263 1383; x_wconf 87' lang='lat' dir='ltr'>per</span> <span class='ocrx_word' id='word_1_177' title='bbox 277 1339 455 1374; x_wconf 74' lang='lat' dir='ltr'>Iordanem</span> <span class='ocrx_word' id='word_1_178' title='bbox 470 1340 672 1384; x_wconf 57' lang='lat' dir='ltr'>designatum</span> <span class='ocrx_word' id='word_1_179' title='bbox 686 1351 746 1383; x_wconf 88' lang='lat' dir='ltr'>per</span> <span class='ocrx_word' id='word_1_180' title='bbox 756 1351 831 1374; x_wconf 89' lang='lat' dir='ltr'>eum</span> <span class='ocrx_word' id='word_1_181' title='bbox 844 1340 981 1373; x_wconf 80' lang='lat' dir='ltr'>fluvium</span> <span class='ocrx_word' id='word_1_182' title='bbox 994 1340 1179 1373; x_wconf 85' lang='lat' dir='ltr'>adumbrari</span> <span class='ocrx_word' id='word_1_183' title='bbox 1191 1341 1290 1375; x_wconf 85' lang='lat' dir='ltr'>etiam</span> <span class='ocrx_word' id='word_1_184' title='bbox 1313 1342 1426 1375; x_wconf 87' lang='lat' dir='ltr'>Chris-</span> 
     </span>
    </p>

    <p class='ocr_par' dir='ltr' id='par_1_10' title="bbox 203 1393 1428 1492">
     <span class='ocr_line' id='line_1_21' title="bbox 203 1393 1427 1438; baseline 0.002 -12"><span class='ocrx_word' id='word_1_185' title='bbox 203 1398 273 1426; x_wconf 89' lang='lat' dir='ltr'>tum</span> <span class='ocrx_word' id='word_1_186' title='bbox 284 1416 295 1432; x_wconf 92' lang='lat'>,</span> <span class='ocrx_word' id='word_1_187' title='bbox 311 1393 400 1437; x_wconf 86' lang='lat' dir='ltr'>quod</span> <span class='ocrx_word' id='word_1_188' title='bbox 418 1404 535 1438; x_wconf 84' lang='lat' dir='ltr'>nempe</span> <span class='ocrx_word' id='word_1_189' title='bbox 556 1394 705 1427; x_wconf 88' lang='lat' dir='ltr'>cordium</span> <span class='ocrx_word' id='word_1_190' title='bbox 721 1394 932 1437; x_wconf 75' lang='lat' dir='ltr'>cogitationes</span> <span class='ocrx_word' id='word_1_191' title='bbox 956 1399 1108 1438; x_wconf 76' lang='lat' dir='ltr'>penetret</span> <span class='ocrx_word' id='word_1_192' title='bbox 1120 1418 1130 1432; x_wconf 82' lang='lat'>‚</span> <span class='ocrx_word' id='word_1_193' title='bbox 1143 1400 1177 1428; x_wconf 83' lang='lat' dir='ltr'>et</span> <span class='ocrx_word' id='word_1_194' title='bbox 1191 1395 1309 1428; x_wconf 81' lang='lat' dir='ltr'>sanctis</span> <span class='ocrx_word' id='word_1_195' title='bbox 1320 1401 1427 1429; x_wconf 87' lang='lat' dir='ltr'>terre-</span> 
     </span>
     <span class='ocr_line' id='line_1_22' title="bbox 205 1448 1428 1492; baseline 0.002 -12"><span class='ocrx_word' id='word_1_196' title='bbox 205 1448 501 1481; x_wconf 74' lang='lat' dir='ltr'>namaccoelestem</span> <span class='ocrx_word' id='word_1_197' title='bbox 529 1448 656 1480; x_wconf 82' lang='lat' dir='ltr'>dividat</span> <span class='ocrx_word' id='word_1_198' title='bbox 673 1449 919 1492; x_wconf 81' lang='lat' dir='ltr'>possessionem.</span> <span class='ocrx_word' id='word_1_199' title='bbox 938 1449 1011 1481; x_wconf 81' lang='lat' dir='ltr'>Hoc</span> <span class='ocrx_word' id='word_1_200' title='bbox 1031 1453 1141 1481; x_wconf 83' lang='lat' dir='ltr'>tamen</span> <span class='ocrx_word' id='word_1_201' title='bbox 1162 1449 1295 1482; x_wconf 85' lang='lat' dir='ltr'>Christo</span> <span class='ocrx_word' id='word_1_202' title='bbox 1306 1460 1428 1482; x_wconf 85' lang='lat' dir='ltr'>conve-</span> 
     </span>
    </p>

    <p class='ocr_par' dir='ltr' id='par_1_11' title="bbox 161 1501 1527 1763">
     <span class='ocr_line' id='line_1_23' title="bbox 204 1501 1426 1546; baseline 0.003 -13"><span class='ocrx_word' id='word_1_203' title='bbox 204 1501 278 1534; x_wconf 89' lang='lat' dir='ltr'>nire</span> <span class='ocrx_word' id='word_1_204' title='bbox 287 1524 298 1540; x_wconf 89' lang='lat'>,</span> <span class='ocrx_word' id='word_1_205' title='bbox 318 1501 415 1535; x_wconf 80' lang='lat' dir='ltr'>Patre</span> <span class='ocrx_word' id='word_1_206' title='bbox 425 1511 492 1534; x_wconf 85' lang='lat' dir='ltr'>non</span> <span class='ocrx_word' id='word_1_207' title='bbox 507 1501 653 1539; x_wconf 74' lang='lat' dir='ltr'>excluso:</span> <span class='ocrx_word' id='word_1_208' title='bbox 665 1507 700 1536; x_wconf 85' lang='lat' dir='ltr'>et</span> <span class='ocrx_word' id='word_1_209' title='bbox 720 1502 767 1534; x_wconf 86' lang='lat' dir='ltr'>ibi</span> <span class='ocrx_word' id='word_1_210' title='bbox 783 1502 863 1546; x_wconf 83' lang='lat' dir='ltr'>quid</span> <span class='ocrx_word' id='word_1_211' title='bbox 875 1512 934 1546; x_wconf 88' lang='lat' dir='ltr'>per</span> <span class='ocrx_word' id='word_1_212' title='bbox 947 1501 1099 1535; x_wconf 77' lang='lat' dir='ltr'>sicimam</span> <span class='ocrx_word' id='word_1_213' title='bbox 1110 1501 1426 1545; x_wconf 63' lang='lat' dir='ltr'>significetui-ntem</span> 
     </span>
     <span class='ocr_line' id='line_1_24' title="bbox 204 1555 1426 1602; baseline 0.002 -14"><span class='ocrx_word' id='word_1_214' title='bbox 204 1555 373 1591; x_wconf 83' lang='lat' dir='ltr'>Christum</span> <span class='ocrx_word' id='word_1_215' title='bbox 388 1562 532 1590; x_wconf 85' lang='lat' dir='ltr'>montem</span> <span class='ocrx_word' id='word_1_216' title='bbox 556 1555 654 1590; x_wconf 75' lang='lat' dir='ltr'>fuisse</span> <span class='ocrx_word' id='word_1_217' title='bbox 674 1567 829 1600; x_wconf 75' lang='lat' dir='ltr'>magnum</span> <span class='ocrx_word' id='word_1_218' title='bbox 844 1568 903 1600; x_wconf 84' lang='lat' dir='ltr'>per</span> <span class='ocrx_word' id='word_1_219' title='bbox 925 1556 1155 1595; x_wconf 79' lang='lat' dir='ltr'>Divinitatem.</span> <span class='ocrx_word' id='word_1_220' title='bbox 1181 1557 1344 1590; x_wconf 83' lang='lat' dir='ltr'>modicum</span> <span class='ocrx_word' id='word_1_221' title='bbox 1365 1569 1426 1602; x_wconf 88' lang='lat' dir='ltr'>per</span> 
     </span>
     <span class='ocr_line' id='line_1_25' title="bbox 205 1609 1419 1654; baseline 0.003 -13"><span class='ocrx_word' id='word_1_222' title='bbox 205 1609 461 1644; x_wconf 77' lang='lat' dir='ltr'>incarnationem</span> <span class='ocrx_word' id='word_1_223' title='bbox 472 1635 483 1649; x_wconf 83' lang='lat'><em>,</em></span> <span class='ocrx_word' id='word_1_224' title='bbox 507 1621 604 1654; x_wconf 82' lang='lat' dir='ltr'>quam</span> <span class='ocrx_word' id='word_1_225' title='bbox 620 1621 694 1644; x_wconf 84' lang='lat' dir='ltr'>cum</span> <span class='ocrx_word' id='word_1_226' title='bbox 722 1611 789 1644; x_wconf 81' lang='lat' dir='ltr'>Lex</span> <span class='ocrx_word' id='word_1_227' title='bbox 802 1617 895 1645; x_wconf 78' lang='lat' dir='ltr'>vetus</span> <span class='ocrx_word' id='word_1_228' title='bbox 917 1611 957 1644; x_wconf 89' lang='lat' dir='ltr'>ad</span> <span class='ocrx_word' id='word_1_229' title='bbox 974 1611 1122 1644; x_wconf 84' lang='lat' dir='ltr'>homines</span> <span class='ocrx_word' id='word_1_230' title='bbox 1135 1611 1340 1645; x_wconf 83' lang='lat' dir='ltr'>redimendos</span> <span class='ocrx_word' id='word_1_231' title='bbox 1354 1623 1419 1645; x_wconf 87' lang='lat' dir='ltr'>non</span> 
     </span>
     <span class='ocr_line' id='line_1_26' title="bbox 202 1662 1527 1709; baseline 0.004 -14"><span class='ocrx_word' id='word_1_232' title='bbox 202 1662 383 1700; x_wconf 78' lang='lat' dir='ltr'>sufficeret.</span> <span class='ocrx_word' id='word_1_233' title='bbox 406 1664 616 1708; x_wconf 78' lang='lat' dir='ltr'>Evangelium</span> <span class='ocrx_word' id='word_1_234' title='bbox 628 1665 775 1698; x_wconf 85' lang='lat' dir='ltr'>illaturus</span> <span class='ocrx_word' id='word_1_235' title='bbox 789 1670 966 1709; x_wconf 83' lang='lat' dir='ltr'>susceptam</span> <span class='ocrx_word' id='word_1_236' title='bbox 976 1665 1091 1700; x_wconf 81' lang='lat' dir='ltr'>voluit.</span> <span class='ocrx_word' id='word_1_237' title='bbox 1463 1666 1527 1706; x_wconf 69' lang='grc'>444</span> 
     </span>
     <span class='ocr_line' id='line_1_27' title="bbox 161 1716 1426 1763; baseline 0.003 -13"><span class='ocrx_word' id='word_1_238' title='bbox 161 1716 275 1750; x_wconf 64' lang='lat' dir='ltr'>(hm</span> <span class='ocrx_word' id='word_1_239' title='bbox 287 1716 331 1750; x_wconf 82' lang='lat' dir='ltr'>V.</span> <span class='ocrx_word' id='word_1_240' title='bbox 345 1717 509 1762; x_wconf 76' lang='lat' dir='ltr'>Propheta</span> <span class='ocrx_word' id='word_1_241' title='bbox 523 1718 661 1752; x_wconf 83' lang='lat' dir='ltr'>miseriis</span> <span class='ocrx_word' id='word_1_242' title='bbox 678 1718 823 1752; x_wconf 70' lang='lat' dir='ltr'>obsessus</span> <span class='ocrx_word' id='word_1_243' title='bbox 835 1719 979 1752; x_wconf 80' lang='lat' dir='ltr'>divinam</span> <span class='ocrx_word' id='word_1_244' title='bbox 990 1720 1143 1763; x_wconf 85' lang='lat' dir='ltr'>imp!orat</span> <span class='ocrx_word' id='word_1_245' title='bbox 1157 1719 1408 1753; x_wconf 82' lang='lat' dir='ltr'>misericordiam</span> <span class='ocrx_word' id='word_1_246' title='bbox 1417 1743 1426 1756; x_wconf 89' lang='lat'><strong>‚</strong></span> 
     </span>
    </p>

    <p class='ocr_par' dir='ltr' id='par_1_12' title="bbox 204 1772 1422 1819">
     <span class='ocr_line' id='line_1_28' title="bbox 204 1772 1422 1819; baseline 0.002 -14"><span class='ocrx_word' id='word_1_247' title='bbox 204 1782 279 1816; x_wconf 73' lang='lat' dir='ltr'>quae</span> <span class='ocrx_word' id='word_1_248' title='bbox 297 1772 333 1805; x_wconf 88' lang='lat' dir='ltr'>in</span> <span class='ocrx_word' id='word_1_249' title='bbox 347 1772 490 1806; x_wconf 72' lang='lat' dir='ltr'>adversis</span> <span class='ocrx_word' id='word_1_250' title='bbox 500 1773 662 1817; x_wconf 80' lang='lat' dir='ltr'>praecipne</span> <span class='ocrx_word' id='word_1_251' title='bbox 676 1773 911 1808; x_wconf 72' lang='lat' dir='ltr'>manifestatur.</span> <span class='ocrx_word' id='word_1_252' title='bbox 928 1775 1036 1808; x_wconf 88' lang='lat' dir='ltr'>Deum</span> <span class='ocrx_word' id='word_1_253' title='bbox 1050 1775 1191 1808; x_wconf 87' lang='lat' dir='ltr'>hominis</span> <span class='ocrx_word' id='word_1_254' title='bbox 1204 1782 1422 1819; x_wconf 80' lang='lat' dir='ltr'>susceptorem</span> 
     </span>
    </p>

    <p class='ocr_par' dir='ltr' id='par_1_13' title="bbox 207 1826 1421 1874">
     <span class='ocr_line' id='line_1_29' title="bbox 207 1826 1421 1874; baseline 0.002 -14"><span class='ocrx_word' id='word_1_255' title='bbox 207 1837 296 1864; x_wconf 72' lang='lat' dir='ltr'>esse,</span> <span class='ocrx_word' id='word_1_256' title='bbox 309 1833 381 1862; x_wconf 80' lang='lat' dir='ltr'>tum</span> <span class='ocrx_word' id='word_1_257' title='bbox 407 1826 453 1860; x_wconf 86' lang='lat' dir='ltr'>ob</span> <span class='ocrx_word' id='word_1_258' title='bbox 473 1828 672 1861; x_wconf 73' lang='lat' dir='ltr'>creationem</span> <span class='ocrx_word' id='word_1_259' title='bbox 701 1839 769 1871; x_wconf 79' lang='lat' dir='ltr'>qua</span> <span class='ocrx_word' id='word_1_260' title='bbox 799 1828 833 1861; x_wconf 88' lang='lat' dir='ltr'>iu</span> <span class='ocrx_word' id='word_1_261' title='bbox 859 1839 917 1862; x_wconf 83' lang='lat' dir='ltr'>nos</span> <span class='ocrx_word' id='word_1_262' title='bbox 944 1830 1031 1863; x_wconf 88' lang='lat' dir='ltr'>idem</span> <span class='ocrx_word' id='word_1_263' title='bbox 1051 1831 1121 1873; x_wconf 87' lang='lat' dir='ltr'>ejus</span> <span class='ocrx_word' id='word_1_264' title='bbox 1146 1830 1247 1864; x_wconf 87' lang='lat' dir='ltr'>habet</span> <span class='ocrx_word' id='word_1_265' title='bbox 1266 1836 1365 1874; x_wconf 87' lang='lat' dir='ltr'>atque</span> <span class='ocrx_word' id='word_1_266' title='bbox 1388 1830 1421 1863; x_wconf 88' lang='lat' dir='ltr'>in</span> 
     </span>
    </p>

    <p class='ocr_par' dir='ltr' id='par_1_14' title="bbox 208 1880 1425 1928">
     <span class='ocr_line' id='line_1_30' title="bbox 208 1880 1425 1928; baseline 0.003 -14"><span class='ocrx_word' id='word_1_267' title='bbox 208 1881 297 1916; x_wconf 81' lang='lat' dir='ltr'>lutea</span> <span class='ocrx_word' id='word_1_268' title='bbox 311 1891 385 1915; x_wconf 81' lang='lat' dir='ltr'>vasa</span> <span class='ocrx_word' id='word_1_269' title='bbox 402 1880 516 1925; x_wconf 78' lang='lat' dir='ltr'>figulus</span> <span class='ocrx_word' id='word_1_270' title='bbox 528 1907 538 1920; x_wconf 90' lang='lat'><em>,</em></span> <span class='ocrx_word' id='word_1_271' title='bbox 562 1887 632 1916; x_wconf 88' lang='lat' dir='ltr'>tum</span> <span class='ocrx_word' id='word_1_272' title='bbox 651 1881 695 1916; x_wconf 91' lang='lat' dir='ltr'>ob</span> <span class='ocrx_word' id='word_1_273' title='bbox 710 1882 929 1916; x_wconf 76' lang='lat' dir='ltr'>defensionem</span> <span class='ocrx_word' id='word_1_274' title='bbox 949 1894 1012 1928; x_wconf 84' lang='lat' dir='ltr'>qua</span> <span class='ocrx_word' id='word_1_275' title='bbox 1027 1894 1208 1917; x_wconf 85' lang='lat' dir='ltr'>concessam</span> <span class='ocrx_word' id='word_1_276' title='bbox 1226 1884 1351 1918; x_wconf 88' lang='lat' dir='ltr'>homini</span> <span class='ocrx_word' id='word_1_277' title='bbox 1376 1885 1425 1918; x_wconf 80' lang='lat' dir='ltr'>vi-</span> 
     </span>
    </p>

    <p class='ocr_par' dir='ltr' id='par_1_15' title="bbox 167 1938 1533 2035">
     <span class='ocr_line' id='line_1_31' title="bbox 207 1938 1533 1978; baseline 0.002 -9"><span class='ocrx_word' id='word_1_278' title='bbox 207 1940 276 1970; x_wconf 76' lang='lat' dir='ltr'>tam</span> <span class='ocrx_word' id='word_1_279' title='bbox 289 1941 471 1970; x_wconf 78' lang='lat' dir='ltr'>conservat.</span> <span class='ocrx_word' id='word_1_280' title='bbox 1306 1951 1312 1959; x_wconf 60' lang='lat'>⁵</span> <span class='ocrx_word' id='word_1_281' title='bbox 1469 1938 1533 1978; x_wconf 72' lang='grc'>448</span> 
     </span>
     <span class='ocr_line' id='line_1_32' title="bbox 167 1989 1430 2035; baseline 0.003 -13"><span class='ocrx_word' id='word_1_282' title='bbox 167 1989 279 2022; x_wconf 62' lang='lat' dir='ltr'>Caret</span> <span class='ocrx_word' id='word_1_283' title='bbox 294 1989 358 2024; x_wconf 83' lang='lat' dir='ltr'>v1.</span> <span class='ocrx_word' id='word_1_284' title='bbox 371 1989 531 2030; x_wconf 72' lang='lat' dir='ltr'>Quen-itur</span> <span class='ocrx_word' id='word_1_285' title='bbox 553 1990 661 2024; x_wconf 77' lang='lat' dir='ltr'>David</span> <span class='ocrx_word' id='word_1_286' title='bbox 675 1990 724 2024; x_wconf 84' lang='lat' dir='ltr'>sui</span> <span class='ocrx_word' id='word_1_287' title='bbox 736 1991 874 2026; x_wconf 86' lang='lat' dir='ltr'>oblitum</span> <span class='ocrx_word' id='word_1_288' title='bbox 895 1992 1001 2026; x_wconf 85' lang='lat' dir='ltr'>Deum</span> <span class='ocrx_word' id='word_1_289' title='bbox 1015 1991 1117 2025; x_wconf 79' lang='lat' dir='ltr'>videri</span> <span class='ocrx_word' id='word_1_290' title='bbox 1127 2014 1139 2032; x_wconf 90' lang='lat'><strong>,</strong></span> <span class='ocrx_word' id='word_1_291' title='bbox 1154 2002 1220 2035; x_wconf 87' lang='lat' dir='ltr'>qno</span> <span class='ocrx_word' id='word_1_292' title='bbox 1234 1997 1268 2026; x_wconf 91' lang='lat' dir='ltr'>et</span> <span class='ocrx_word' id='word_1_293' title='bbox 1281 1997 1430 2035; x_wconf 81' lang='lat' dir='ltr'>peceato-</span> 
     </span>
    </p>

    <p class='ocr_par' dir='ltr' id='par_1_16' title="bbox 205 2044 1428 2090">
     <span class='ocr_line' id='line_1_33' title="bbox 205 2044 1428 2090; baseline 0.002 -13"><span class='ocrx_word' id='word_1_294' title='bbox 205 2055 280 2077; x_wconf 88' lang='lat' dir='ltr'>rum</span> <span class='ocrx_word' id='word_1_295' title='bbox 287 2054 419 2078; x_wconf 80' lang='lat' dir='ltr'>suornm</span> <span class='ocrx_word' id='word_1_296' title='bbox 434 2044 550 2079; x_wconf 82' lang='lat' dir='ltr'>merita</span> <span class='ocrx_word' id='word_1_297' title='bbox 562 2069 573 2083; x_wconf 84' lang='lat'><strong>.</strong></span> <span class='ocrx_word' id='word_1_298' title='bbox 596 2050 629 2079; x_wconf 86' lang='lat' dir='ltr'>et</span> <span class='ocrx_word' id='word_1_299' title='bbox 643 2046 812 2090; x_wconf 79' lang='lat' dir='ltr'>propriam</span> <span class='ocrx_word' id='word_1_300' title='bbox 825 2045 1046 2080; x_wconf 78' lang='lat' dir='ltr'>infirmitatem</span> <span class='ocrx_word' id='word_1_301' title='bbox 1059 2056 1132 2090; x_wconf 81' lang='lat' dir='ltr'>quae</span> <span class='ocrx_word' id='word_1_302' title='bbox 1144 2047 1215 2079; x_wconf 85' lang='lat' dir='ltr'>sine</span> <span class='ocrx_word' id='word_1_303' title='bbox 1226 2045 1337 2080; x_wconf 83' lang='lat' dir='ltr'>divino</span> <span class='ocrx_word' id='word_1_304' title='bbox 1345 2049 1428 2090; x_wconf 72' lang='lat' dir='ltr'>pfae-</span> 
     </span>
    </p>

    <p class='ocr_par' dir='ltr' id='par_1_17' title="bbox 206 2097 1426 2144">
     <span class='ocr_line' id='line_1_34' title="bbox 206 2097 1426 2144; baseline 0.002 -14"><span class='ocrx_word' id='word_1_305' title='bbox 206 2097 289 2131; x_wconf 87' lang='lat' dir='ltr'>sidio</span> <span class='ocrx_word' id='word_1_306' title='bbox 299 2097 472 2132; x_wconf 74' lang='lat' dir='ltr'>subsistere</span> <span class='ocrx_word' id='word_1_307' title='bbox 495 2109 562 2132; x_wconf 84' lang='lat' dir='ltr'>non</span> <span class='ocrx_word' id='word_1_308' title='bbox 584 2103 709 2143; x_wconf 66' lang='lat' dir='ltr'>potest,</span> <span class='ocrx_word' id='word_1_309' title='bbox 734 2099 922 2134; x_wconf 67' lang='lat' dir='ltr'>confitetur.</span> <span class='ocrx_word' id='word_1_310' title='bbox 938 2100 1068 2134; x_wconf 85' lang='lat' dir='ltr'>Ibidem</span> <span class='ocrx_word' id='word_1_311' title='bbox 1080 2100 1171 2144; x_wconf 81' lang='lat' dir='ltr'>luget</span> <span class='ocrx_word' id='word_1_312' title='bbox 1186 2099 1275 2144; x_wconf 82' lang='lat' dir='ltr'>quud</span> <span class='ocrx_word' id='word_1_313' title='bbox 1297 2099 1395 2134; x_wconf 76' lang='lat' dir='ltr'>fuerit</span> <span class='ocrx_word' id='word_1_314' title='bbox 1407 2111 1426 2133; x_wconf 84' lang='lat' dir='ltr'>a</span> 
     </span>
    </p>

    <p class='ocr_par' dir='ltr' id='par_1_18' title="bbox 207 2152 1428 2198">
     <span class='ocr_line' id='line_1_35' title="bbox 207 2152 1428 2198; baseline 0.002 -13"><span class='ocrx_word' id='word_1_315' title='bbox 207 2152 281 2186; x_wconf 84' lang='lat' dir='ltr'>Deo</span> <span class='ocrx_word' id='word_1_316' title='bbox 292 2152 457 2197; x_wconf 65' lang='lat' dir='ltr'>repulsu.</span> <span class='ocrx_word' id='word_1_317' title='bbox 469 2153 525 2198; x_wconf 86' lang='lat' dir='ltr'>qui</span> <span class='ocrx_word' id='word_1_318' title='bbox 551 2160 719 2198; x_wconf 72' lang='lat' dir='ltr'>susceptus</span> <span class='ocrx_word' id='word_1_319' title='bbox 731 2160 808 2188; x_wconf 85' lang='lat' dir='ltr'>ante</span> <span class='ocrx_word' id='word_1_320' title='bbox 821 2154 938 2189; x_wconf 77' lang='lat' dir='ltr'>suerat.</span> <span class='ocrx_word' id='word_1_321' title='bbox 954 2155 1062 2196; x_wconf 84' lang='lat' dir='ltr'>Quam</span> <span class='ocrx_word' id='word_1_322' title='bbox 1078 2155 1209 2188; x_wconf 84' lang='lat' dir='ltr'>beatum</span> <span class='ocrx_word' id='word_1_323' title='bbox 1225 2155 1267 2189; x_wconf 79' lang='lat' dir='ltr'>sit</span> <span class='ocrx_word' id='word_1_324' title='bbox 1281 2165 1322 2188; x_wconf 81' lang='lat' dir='ltr'>ex</span> <span class='ocrx_word' id='word_1_325' title='bbox 1332 2159 1428 2189; x_wconf 86' lang='lat' dir='ltr'>utero</span> 
     </span>
    </p>

    <p class='ocr_par' dir='ltr' id='par_1_19' title="bbox 161 2206 1535 2307">
     <span class='ocr_line' id='line_1_36' title="bbox 207 2206 1535 2251; baseline 0.002 -12"><span class='ocrx_word' id='word_1_326' title='bbox 207 2206 241 2238; x_wconf 88' lang='lat' dir='ltr'>in</span> <span class='ocrx_word' id='word_1_327' title='bbox 259 2207 367 2240; x_wconf 79' lang='lat' dir='ltr'>Deum</span> <span class='ocrx_word' id='word_1_328' title='bbox 381 2206 496 2251; x_wconf 83' lang='lat' dir='ltr'>projici</span> <span class='ocrx_word' id='word_1_329' title='bbox 513 2231 524 2245; x_wconf 84' lang='lat'>‚</span> <span class='ocrx_word' id='word_1_330' title='bbox 538 2213 572 2240; x_wconf 85' lang='lat' dir='ltr'>et</span> <span class='ocrx_word' id='word_1_331' title='bbox 583 2217 647 2251; x_wconf 88' lang='lat' dir='ltr'>qna</span> <span class='ocrx_word' id='word_1_332' title='bbox 663 2209 790 2242; x_wconf 85' lang='lat' dir='ltr'>ratione</span> <span class='ocrx_word' id='word_1_333' title='bbox 801 2209 884 2242; x_wconf 87' lang='lat' dir='ltr'>illud</span> <span class='ocrx_word' id='word_1_334' title='bbox 898 2209 1031 2242; x_wconf 86' lang='lat' dir='ltr'>Christo</span> <span class='ocrx_word' id='word_1_335' title='bbox 1043 2209 1302 2243; x_wconf 84' lang='lat' dir='ltr'>accommodetur</span> <span class='ocrx_word' id='word_1_336' title='bbox 1313 2210 1329 2241; x_wconf 69' lang='lat' dir='ltr'>P</span> <span class='ocrx_word' id='word_1_337' title='bbox 1472 2209 1535 2248; x_wconf 65' lang='lat'>4⁵0</span> 
     </span>
     <span class='ocr_line' id='line_1_37' title="bbox 161 2261 1429 2307; baseline 0.003 -13"><span class='ocrx_word' id='word_1_338' title='bbox 161 2261 277 2294; x_wconf 76' lang='lat' dir='ltr'>mm</span> <span class='ocrx_word' id='word_1_339' title='bbox 286 2261 369 2296; x_wconf 81' lang='lat' dir='ltr'>vn.</span> <span class='ocrx_word' id='word_1_340' title='bbox 387 2262 475 2295; x_wconf 81' lang='lat' dir='ltr'>Dum</span> <span class='ocrx_word' id='word_1_341' title='bbox 488 2267 659 2307; x_wconf 78' lang='lat' dir='ltr'>exoptatus</span> <span class='ocrx_word' id='word_1_342' title='bbox 682 2264 804 2298; x_wconf 80' lang='lat' dir='ltr'>christi</span> <span class='ocrx_word' id='word_1_343' title='bbox 823 2263 981 2298; x_wconf 76' lang='lat' dir='ltr'>adventus</span> <span class='ocrx_word' id='word_1_344' title='bbox 996 2264 1160 2302; x_wconf 79' lang='lat' dir='ltr'>differtur.</span> <span class='ocrx_word' id='word_1_345' title='bbox 1177 2264 1302 2298; x_wconf 64' lang='lat' dir='ltr'>mis-e</span> <span class='ocrx_word' id='word_1_346' title='bbox 1315 2263 1429 2298; x_wconf 80' lang='lat' dir='ltr'>diabo-</span> 
     </span>
    </p>

    <p class='ocr_par' dir='ltr' id='par_1_20' title="bbox 204 2315 1426 2363">
     <span class='ocr_line' id='line_1_38' title="bbox 204 2315 1426 2363; baseline 0.004 -15"><span class='ocrx_word' id='word_1_347' title='bbox 204 2315 272 2348; x_wconf 85' lang='lat' dir='ltr'>lum</span> <span class='ocrx_word' id='word_1_348' title='bbox 283 2339 293 2353; x_wconf 86' lang='lat'><strong>,</strong></span> <span class='ocrx_word' id='word_1_349' title='bbox 309 2315 390 2350; x_wconf 80' lang='lat' dir='ltr'>etin</span> <span class='ocrx_word' id='word_1_350' title='bbox 403 2316 571 2350; x_wconf 80' lang='lat' dir='ltr'>Christum</span> <span class='ocrx_word' id='word_1_351' title='bbox 586 2317 767 2351; x_wconf 71' lang='lat' dir='ltr'>credituros</span> <span class='ocrx_word' id='word_1_352' title='bbox 779 2317 968 2359; x_wconf 84' lang='lat' dir='ltr'>obtereret,</span> <span class='ocrx_word' id='word_1_353' title='bbox 982 2323 1016 2351; x_wconf 85' lang='lat' dir='ltr'>et</span> <span class='ocrx_word' id='word_1_354' title='bbox 1028 2318 1062 2351; x_wconf 87' lang='lat' dir='ltr'>in</span> <span class='ocrx_word' id='word_1_355' title='bbox 1074 2317 1151 2362; x_wconf 78' lang='lat' dir='ltr'>ipsis</span> <span class='ocrx_word' id='word_1_356' title='bbox 1165 2318 1254 2362; x_wconf 78' lang='lat' dir='ltr'>signa</span> <span class='ocrx_word' id='word_1_357' title='bbox 1270 2317 1426 2363; x_wconf 78' lang='lat' dir='ltr'>defigeret</span> 
     </span>
    </p>

    <p class='ocr_par' dir='ltr' id='par_1_21' title="bbox 194 2370 1457 2581">
     <span class='ocr_line' id='line_1_39' title="bbox 204 2370 1423 2417; baseline 0.004 -16"><span class='ocrx_word' id='word_1_358' title='bbox 204 2381 261 2403; x_wconf 78' lang='lat' dir='ltr'>sua</span> <span class='ocrx_word' id='word_1_359' title='bbox 271 2382 282 2402; x_wconf 91' lang='lat'><em>=</em></span> <span class='ocrx_word' id='word_1_360' title='bbox 297 2370 353 2404; x_wconf 84' lang='lat' dir='ltr'>ubi</span> <span class='ocrx_word' id='word_1_361' title='bbox 359 2371 401 2404; x_wconf 87' lang='lat' dir='ltr'>de</span> <span class='ocrx_word' id='word_1_362' title='bbox 415 2371 516 2416; x_wconf 77' lang='lat' dir='ltr'>signis</span> <span class='ocrx_word' id='word_1_363' title='bbox 529 2382 603 2416; x_wconf 83' lang='lat' dir='ltr'>quae</span> <span class='ocrx_word' id='word_1_364' title='bbox 616 2373 707 2416; x_wconf 82' lang='lat' dir='ltr'>sequi</span> <span class='ocrx_word' id='word_1_365' title='bbox 723 2378 758 2406; x_wconf 79' lang='lat' dir='ltr'>et</span> <span class='ocrx_word' id='word_1_366' title='bbox 774 2383 847 2417; x_wconf 80' lang='lat' dir='ltr'>quae</span> <span class='ocrx_word' id='word_1_367' title='bbox 865 2373 976 2416; x_wconf 80' lang='lat' dir='ltr'>fugere</span> <span class='ocrx_word' id='word_1_368' title='bbox 987 2382 1047 2406; x_wconf 90' lang='lat' dir='ltr'>nos</span> <span class='ocrx_word' id='word_1_369' title='bbox 1058 2377 1211 2416; x_wconf 62' lang='lat' dir='ltr'>oportent</span> <span class='ocrx_word' id='word_1_370' title='bbox 1222 2397 1232 2410; x_wconf 87' lang='lat'><em>,</em></span> <span class='ocrx_word' id='word_1_371' title='bbox 1245 2372 1423 2408; x_wconf 83' lang='lat' dir='ltr'>disseritur.</span> 
     </span>
     <span class='ocr_line' id='line_1_40' title="bbox 204 2424 1457 2473; baseline 0.005 -15"><span class='ocrx_word' id='word_1_372' title='bbox 204 2424 381 2458; x_wconf 82' lang='lat' dir='ltr'>Diabolum</span> <span class='ocrx_word' id='word_1_373' title='bbox 392 2426 482 2470; x_wconf 73' lang='lat' dir='ltr'>signa</span> <span class='ocrx_word' id='word_1_374' title='bbox 495 2438 551 2461; x_wconf 83' lang='lat' dir='ltr'>sua</span> <span class='ocrx_word' id='word_1_375' title='bbox 565 2429 600 2460; x_wconf 86' lang='lat' dir='ltr'>in</span> <span class='ocrx_word' id='word_1_376' title='bbox 615 2429 660 2462; x_wconf 87' lang='lat' dir='ltr'>eis</span> <span class='ocrx_word' id='word_1_377' title='bbox 675 2439 807 2472; x_wconf 84' lang='lat' dir='ltr'>ponere,</span> <span class='ocrx_word' id='word_1_378' title='bbox 824 2428 879 2472; x_wconf 89' lang='lat' dir='ltr'>qui</span> <span class='ocrx_word' id='word_1_379' title='bbox 896 2427 985 2461; x_wconf 82' lang='lat' dir='ltr'>fideis</span> <span class='ocrx_word' id='word_1_380' title='bbox 996 2437 1105 2462; x_wconf 84' lang='lat' dir='ltr'>semen</span> <span class='ocrx_word' id='word_1_381' title='bbox 1120 2427 1155 2460; x_wconf 90' lang='lat' dir='ltr'>in</span> <span class='ocrx_word' id='word_1_382' title='bbox 1170 2427 1222 2461; x_wconf 72' lang='lat' dir='ltr'>via</span> <span class='ocrx_word' id='word_1_383' title='bbox 1235 2428 1401 2473; x_wconf 85' lang='lat' dir='ltr'>excipiunt</span> <span class='ocrx_word' id='word_1_384' title='bbox 1415 2442 1424 2467; x_wconf 76' lang='grc' dir='ltr'>ς</span> <span class='ocrx_word' id='word_1_385' title='bbox 1455 2435 1457 2437; x_wconf 86' lang='grc'><em>“</em></span> 
     </span>
     <span class='ocr_line' id='line_1_41' title="bbox 194 2482 1427 2526; baseline 0.003 -13"><span class='ocrx_word' id='word_1_386' title='bbox 194 2485 320 2514; x_wconf 74' lang='lat' dir='ltr'>sanctes</span> <span class='ocrx_word' id='word_1_387' title='bbox 332 2491 350 2513; x_wconf 92' lang='lat' dir='ltr'>e</span> <span class='ocrx_word' id='word_1_388' title='bbox 360 2482 524 2515; x_wconf 86' lang='lat' dir='ltr'>contrario</span> <span class='ocrx_word' id='word_1_389' title='bbox 538 2482 658 2516; x_wconf 86' lang='lat' dir='ltr'>diaboli</span> <span class='ocrx_word' id='word_1_390' title='bbox 675 2482 772 2516; x_wconf 82' lang='lat' dir='ltr'>fidem</span> <span class='ocrx_word' id='word_1_391' title='bbox 787 2483 945 2516; x_wconf 83' lang='lat' dir='ltr'>collocare</span> <span class='ocrx_word' id='word_1_392' title='bbox 959 2482 992 2515; x_wconf 92' lang='lat' dir='ltr'>in</span> <span class='ocrx_word' id='word_1_393' title='bbox 1013 2483 1144 2526; x_wconf 77' lang='lat' dir='ltr'>pervi03</span> <span class='ocrx_word' id='word_1_394' title='bbox 1156 2482 1288 2516; x_wconf 83' lang='lat' dir='ltr'>tandem</span> <span class='ocrx_word' id='word_1_395' title='bbox 1302 2494 1345 2517; x_wconf 89' lang='lat' dir='ltr'>ne</span> <span class='ocrx_word' id='word_1_396' title='bbox 1355 2485 1427 2518; x_wconf 80' lang='lat' dir='ltr'>dia-</span> 
     </span>
     <span class='ocr_line' id='line_1_42' title="bbox 204 2532 1426 2581; baseline 0.005 -15"><span class='ocrx_word' id='word_1_397' title='bbox 204 2532 298 2566; x_wconf 82' lang='lat' dir='ltr'>bolus</span> <span class='ocrx_word' id='word_1_398' title='bbox 327 2533 571 2569; x_wconf 79' lang='lat' dir='ltr'>tabernaculum</span> <span class='ocrx_word' id='word_1_399' title='bbox 598 2535 659 2570; x_wconf 83' lang='lat' dir='ltr'>Dei</span> <span class='ocrx_word' id='word_1_400' title='bbox 677 2536 818 2580; x_wconf 81' lang='lat' dir='ltr'>polluat,</span> <span class='ocrx_word' id='word_1_401' title='bbox 842 2536 1078 2580; x_wconf 81' lang='lat' dir='ltr'>providendum</span> <span class='ocrx_word' id='word_1_402' title='bbox 1094 2560 1104 2577; x_wconf 91' lang='lat'>,</span> <span class='ocrx_word' id='word_1_403' title='bbox 1127 2535 1170 2569; x_wconf 83' lang='lat' dir='ltr'>ad</span> <span class='ocrx_word' id='word_1_404' title='bbox 1187 2536 1274 2581; x_wconf 83' lang='lat' dir='ltr'>quod</span> <span class='ocrx_word' id='word_1_405' title='bbox 1288 2538 1426 2572; x_wconf 86' lang='lat' dir='ltr'>maxime</span> 
     </span>
    </p>

    <p class='ocr_par' dir='ltr' id='par_1_22' title="bbox 204 2590 1533 2636">
     <span class='ocr_line' id='line_1_43' title="bbox 204 2590 1533 2636; baseline 0.008 -17"><span class='ocrx_word' id='word_1_406' title='bbox 204 2597 286 2631; x_wconf 78' lang='lat' dir='ltr'>opus</span> <span class='ocrx_word' id='word_1_407' title='bbox 297 2593 345 2622; x_wconf 79' lang='lat' dir='ltr'>est</span> <span class='ocrx_word' id='word_1_408' title='bbox 361 2590 611 2633; x_wconf 75' lang='lat' dir='ltr'>perseverantia.</span> <span class='ocrx_word' id='word_1_409' title='bbox 1470 2598 1533 2636; x_wconf 72' lang='grc'>455</span> 
     </span>
    </p>
   </div>
  </div>
 </body>
</html>
