1780 3120
365 235 421 294 76
913 245 944 273 S.
986 243 1175 272 mur-osu

364 326 519 372 larum,
539 337 617 365 nec
637 329 777 363 tamen
795 319 1036 377 negaverim
1051 334 1197 377 poenas
1208 334 1298 361 esse
1314 326 1622 376 post—mortem.
1645 318 1731 363 S-ed

368 394 469 452 quid
492 394 543 435 ad
565 399 745 434 mortem
772 389 815 432 id
838 391 951 446 quod
973 397 1068 447 post
1093 397 1274 431 mortem
1294 388 1388 431 cst?
1409 387 1452 431 Si
1475 397 1616 431 autem
1638 404 1732 447 quae

366 472 461 522 post
485 470 669 505 mortem
693 468 818 508 sunt,
843 459 1081 502 referantur
1103 461 1155 501 ad
1180 467 1362 501 mortem
1383 475 1395 508 ;
1423 459 1572 502 eadem
1603 459 1734 506 etiam

364 549 456 591 quae
473 542 567 592 post
583 533 710 575 vitam
730 539 842 579 sunt,
861 530 1098 572 reserantur
1115 531 1165 571 ad
1183 530 1325 572 vitam.
1349 529 1471 574 Nulla
1489 529 1734 588 ergo'erunt

367 602 572 662 supplicia
593 618 685 660 quae
708 601 943 644 referantur
964 601 1015 643 ad
1035 608 1230 644 mortem.
1258 600 1370 642 Mors
1387 600 1516 651 enim,
1540 609 1587 644 ut
1608 617 1735 661 supra

369 671 605 721 diximus¹,
642 671 849 716 absolutio
878 676 941 712 est
965 676 1007 711 et
1033 669 1240 727 separatio
1274 669 1422 712 animae
1449 677 1493 712 et
1515 671 1731 729 corporis:

369 759 454 786 non
481 751 543 785 est
574 751 712 785 autem
745 742 854 784 mala
888 739 1076 787 solutio;
1108 739 1205 796 quia
1236 739 1403 790 dissolvi
1437 749 1481 783 et
1516 757 1607 784 esse
1635 757 1735 785 cum

369 813 534 857 Christo
556 815 691 856 multo
717 811 866 855 melius
884 810 914 853 ².
942 810 1035 853 Non
1058 809 1186 868 igitur
1209 811 1319 852 mala
1342 826 1472 853 mors.
1506 829 1522 850 α
1543 811 1736 870 Denique

368 899 511 926 »mors
532 890 804 940 peccatorum
828 880 1006 939 pessima
1021 878 1050 922 ⁵.
1084 898 1100 920 »
1134 879 1228 923 Non
1251 879 1397 937 utique
1418 895 1533 923 mors
1555 881 1736 940 pessima

367 953 647 1011 generaliter:
674 953 747 995 sed
773 951 951 1009 pessima
976 950 1216 1009 specialiter
1242 959 1532 1009 peccatorum.
1573 952 1736 995 «Deni-

369 1037 482 1079 »que
505 1023 684 1080 pretiosa
709 1022 921 1080 justorum
939 1020 968 1064 ¹⁴.
1000 1039 1015 1061 »
1046 1022 1166 1064 Unde
1194 1021 1328 1079 liquet
1356 1022 1632 1066 acerbitatem
1652 1037 1739 1066 non

372 1093 522 1136 mortis
539 1109 643 1143 esse,
671 1094 744 1135 sed
764 1094 912 1150 culpae.

431 1162 629 1207 XXXIV.
665 1163 846 1206 Pulchre
868 1169 1011 1204 autem
1032 1161 1170 1204 Graeei
1195 1178 1217 1205 a
1239 1161 1324 1204 fine
1345 1171 1528 1206 mortem
1553 1165 1740 1223 appella-

371 1240 536 1282 verunt,
555 1237 713 1278 τελευτὴν
729 1232 841 1274 enim
859 1240 1041 1274 mortem
1062 1233 1290 1290 appellant,
1310 1248 1361 1275 eo
1379 1233 1494 1291 quod
1510 1233 1606 1277 finis
1622 1234 1740 1278 istius

372 1303 466 1347 vitae
487 1303 551 1345 sit.
578 1302 660 1345 Sed
677 1303 804 1345 etiam
829 1318 1025 1345 somnum
1049 1301 1268 1361 Scriptura
1290 1312 1510 1362 nuncupat
1530 1313 1712 1347 mortem
1727 1336 1738 1353 ,

374 1374 483 1416 sicut
505 1381 566 1415 est
590 1373 719 1416 illud:
747 1391 762 1412 α
785 1371 966 1416 Lazarus
989 1373 1148 1416 amicus
1167 1374 1510 1425 nosterdormit‚
1536 1376 1612 1418 sed
1633 1376 1738 1418 vado

374 1453 452 1487 »ut
485 1444 683 1487 suscitem
709 1459 808 1486 eum
831 1444 862 1486 ⁵.
895 1462 910 1483 n
945 1444 1128 1487 Somnus
1160 1452 1303 1487 autem
1336 1445 1475 1488 ,bonus
1493 1462 1506 1495 3
1538 1445 1740 1502 quoniam

376 1515 493 1573 quies
514 1523 601 1564 est,
626 1515 736 1557 sicut
756 1514 963 1572 scriptum
987 1521 1074 1557 est:
1107 1532 1123 1553 ι(
1144 1514 1232 1572 Ego
1255 1516 1451 1565 dormivi,
1471 1525 1513 1558 et
1534 1514 1738 1573 requievi,

375 1593 447 1627 »et
476 1584 636 1627 surrexi
663 1601 675 1634 ;
709 1585 910 1642 quoniam
937 1584 1145 1627 Dominus
1176 1585 1361 1644 suscepit
1389 1601 1459 1628 me
1483 1584 1514 1628 ⁸.
1547 1603 1564 1627 n
1596 1585 1741 1629 Dulcis

376 1654 504 1712 igitur
518 1654 634 1711 quies
648 1655 808 1697 mortis.
830 1653 1022 1711 Denique
1039 1654 1246 1697 Dominus
1262 1655 1438 1699 suscitat
1456 1655 1738 1714 quiescentes,

379 1724 476 1782 quia
499 1724 705 1766 Dominus
728 1732 790 1767 est
811 1724 1078 1767 resurrectio.

435 1793 614 1838 XXXV.
651 1795 760 1836 Illud
787 1810 955 1853 quoque
984 1794 1226 1851 egregium,
1256 1795 1371 1850 quod
1403 1795 1459 1839 ait
1490 1795 1740 1855 Scriptura:

390 1861 532 1906 «Ante
552 1872 733 1906 mortem
759 1880 845 1906 non
870 1863 1105 1906 laudaveris
1127 1877 1386 1920 quemquam
1402 1861 1433 1906 ⁷.
1461 1882 1477 1904 »
1511 1865 1741 1922 Unusquis-
1776 1898 1780 1900 -

383 1947 465 1990 que
485 1933 598 1975 enim
623 1934 666 1975 in
693 1933 928 1976 novissimis
959 1933 1044 1975 suis
1074 1933 1370 1991 cognoscitur,
1401 1940 1444 1975 et
1472 1933 1515 1975 in
1537 1933 1632 1976 filiis
1659 1934 1744 1978 suis

379 2002 609 2045 aestimatur
623 2035 635 2052 ,
660 2005 693 2044 si
714 2005 822 2045 hene
844 2002 953 2046 filios
971 2018 1068 2046 suos
1090 2003 1287 2053 instituit,
1312 2010 1355 2046 et
1375 2002 1607 2062 disciplinis
1627 2019 1748 2048 com-

379 2073 621 2131 petentibus
643 2073 837 2116 erudivit.
871 2074 1090 2132 Siquidem
1124 2074 1177 2116 ad
1198 2073 1494 2132 negligentiam
1525 2074 1656 2133 patr1s
1677 2090 1749 2117 re-

380 2143 516 2186 fertur
531 2144 747 2187 dissolutio
759 2144 958 2189 filiorum.
981 2146 1091 2190 Tum
1112 2145 1209 2204 quia
1228 2145 1540 2204 unusquisque,
1559 2145 1749 2204 quandiu

383 2213 500 2263 vivit,
517 2210 722 2257 obnoxius
733 2224 796 2258 est
811 2217 962 2274 lapsui,
976 2232 1055 2259 nec
1068 2223 1265 2260 senectus
1281 2216 1484 2259 immunis
1500 2231 1522 2258 a
1544 2216 1745 2267 crimine}

384 2282 479 2326 ideo
492 2284 593 2342 legis
606 2285 702 2342 quia
717 2303 732 2326 a
751 2285 967 2329 Abraham
977 2295 1172 2330 mortuus
1191 2295 1254 2330 est
1269 2287 1311 2329 in
1327 2294 1549 2330 senectute
1559 2287 1670 2330 bona
1681 2285 1695 2308 ⁸
1706 2305 1739 2337 ,ι

384 2367 434 2396 eo
457 2356 571 2411 quod
600 2356 643 2398 in
674 2356 862 2400 bonitate
884 2357 1088 2417 propositi
1115 2358 1179 2402 sui
1207 2357 1452 2417 permansit.
1481 2357 1594 2402 Mors
1622 2356 1751 2416 igitur

433 2471 444 2486 ¹
465 2463 548 2497 Vide
562 2475 668 2508 supra.
685 2478 753 2511 cap.
779 2480 823 2500 iv.
850 2487 890 2494 -
913 2479 926 2494 ¹
952 2469 1073 2513 Philip.
1098 2482 1124 2508 ι,
1145 2471 1198 2504 23.
1220 2489 1253 2496 -
1269 2472 1284 2495 ³
1299 2471 1382 2505 Psal.
1398 2480 1516 2509 xxxin,
1534 2479 1585 2502 υ.
1609 2486 1651 2494 -
1669 2466 1751 2500 ⁴1d·

386 2525 457 2552 cxv.
477 2518 525 2605 185·
541 2537 581 2543 —
599 2522 611 2544 ⁵
635 2521 732 2556 Joan.
757 2534 800 2561 ιι,
830 2534 877 2556 ιι.
897 2541 936 2549 -
955 2525 971 2548 ⁶
993 2524 1076 2558 Psal.
1095 2536 1145 2561 ιιι,
1161 2525 1195 2557 6.
1210 2541 1252 2548 —
1278 2530 1290 2555 ⁷
1317 2523 1418 2558 Eccli.
1441 2533 1491 2564 xi,
1512 2523 1564 2557 30.
1579 2523 1648 2548 -⁸
1664 2519 1751 2555 Gen.

384 2579 460 2613 xxv,
504 2595 514 2606 .
