1780 3120
262 239 353 285 508
771 254 1111 284 Annona-muns.

264 332 484 399 niteretur.
512 330 670 375 Verum
693 332 899 390 quidquid
916 332 1009 390 ojus
1029 333 1089 376 rei
1110 333 1180 382 sit,
1204 341 1372 377 constat
1389 349 1475 378 non
1496 336 1633 381 solum

262 417 319 446 ex
348 401 530 459 antiquis
561 402 755 445 Patribus
794 399 1089 446 Ambrosium
1109 403 1166 446 ita
1201 405 1392 448 sensisse.
1437 392 1643 452 Clemens

264 472 575 517 Alexandninus
593 473 772 516 Esdram
794 473 924 517 citato
945 482 1095 532 quarto
1119 473 1230 517 illius
1250 474 1359 518 libro
1380 475 1637 537 Prophetam

266 544 442 591 salutat,
473 558 658 601 eumque
685 558 771 587 non
795 544 974 587 absimili
997 545 1124 587 modo
1151 542 1315 587 Auctor
1343 545 1495 604 Operis
1518 546 1624 606 Imp

203 620 210 627 '
267 622 427 672 sapei-1
414 613 660 657 Matthaeum
681 615 847 663 laudat,
880 629 927 657 ac
949 615 1124 658 demum
1148 613 1202 656 ad
1222 615 1423 660 eumdem
1443 616 1668 677 alludere·

268 683 438 742 videtur
459 684 710 743 Cypiia.nus

342 755 613 814 Quaproptet
654 755 903 813 neutiquam
945 755 1067 798 nobis
1106 755 1263 798 mirum
1302 756 1485 806 videtur,
1526 759 1643 815 quod

269 821 519 867 Ambrosius
541 826 636 868 libri
657 841 785 883 quem
810 826 917 867 bona
944 824 1044 875 fide,
1067 835 1115 869 ut
1133 842 1185 869 ex
1205 827 1295 869 aliis
1311 826 1403 885 ejus
1424 840 1644 872 commcn-

271 893 501 937 sationibus
525 904 664 954 patet,
689 911 768 954 pro
788 895 994 938 canonico
1016 895 1200 938 habebat
1215 930 1224 945 ,
1248 896 1317 940 hic
1339 897 1639 946 auctoritatem

269 960 648 1015 commendaverit,
673 967 967 1024 extuleritque.
995 966 1043 1008 Id
1069 966 1302 1023 siquidem,
1327 967 1488 1027 utipse
1511 967 1653 1028 profi-¹

272 1043 402 1085 tetur,
423 1052 473 1079 eo
496 1037 672 1080 consilio
690 1038 923 1086 factitabat,
944 1045 992 1080 ut
1007 1036 1185 1109 gentiles
1203 1037 1277 1094 qui
1300 1037 1520 1094 Christum
1536 1038 1647 1097 ejus-

275 1121 359 1164 que
380 1107 619 1166 Discipulos
651 1106 834 1165 accepta}
857 1123 879 1149 a
900 1104 1086 1150 Platone
1096 1115 1138 1150 et
1166 1107 1254 1150 aliis
1276 1107 1540 1166 philosophis
1561 1123 1647 1151 suae

277 1176 480 1229 doctrinae
515 1171 832 1226 insimulabant,
873 1177 1086 1219 mendacii
1123 1185 1335 1235 a1gueret,
1372 1193 1471 1242 cum
1509 1178 1649 1236 ipsum

275 1237 494 1290 Platonem
531 1248 668 1305 potius
702 1248 754 1289 ab
785 1247 940 1295 Esdra,
988 1246 1162 1325 aliisque
1204 1247 1360 1290 nostris
1401 1248 1648 1292 auctoribus
1675 1239 1685 1252 ”
1709 1283 1713 1287 ,

276 1326 522 1361 mutuatum
545 1317 752 1375 quidquid
767 1317 870 1359 boni
888 1318 939 1358 de
957 1324 1068 1359 statu
1091 1317 1330 1360 animarum
1352 1326 1448 1376 post
1463 1327 1603 1362 morte
1610 1333 1650 1361 11

279 1388 507 1436 docuerat,
537 1388 711 1446 planum
735 1387 903 1430 faceret
931 1386 1121 1449 Ethnicis
1145 1402 1253 1430 nova
1278 1402 1365 1431 non
1386 1395 1476 1430 erat
1498 1383 1660 1451 hujus—ff·

279 1458 398 1501 modi
421 1454 671 1501 criminatio.
700 1457 846 1501 Celsus
868 1472 963 1500 eam
984 1457 1158 1516 Origeni
1181 1457 1325 1500 multis
1347 1465 1443 1501 ante
1467 1457 1586 1504 annis
1608 1458 1653 1502 in

278 1528 433 1570 eodem
449 1543 622 1586 prorsus
639 1535 888 1586 argumento
906 1526 1156 1581 objectarat.
1182 1526 1292 1570 Cum
1309 1534 1452 1570 autem
1472 1517 1655 1575 Ambro-

281 1597 333 1641 sii
354 1598 617 1656 temporibus
636 1598 776 1641 adhuc
791 1614 873 1641 non
891 1613 1042 1656 parum
1059 1599 1216 1667 valeret
1237 1592 1503 1664 idololatria
1520 1612 1649 1663 quam

281 1667 568 1726 Symmachus
591 1669 843 1712 auctoritate
871 1684 947 1711 sua
976 1660 1192 1718 tuebatur,
1225 1667 1438 1726 potentia,
1465 1659 1663 1718 dubium,

282 1753 371 1782 non
391 1748 455 1782 est
483 1739 586 1797 quin
611 1748 711 1782 tunc
734 1741 883 1782 eadem
905 1738 1117 1781 calumnia
1139 1747 1339 1782 renovata
1361 1737 1658 1791 1uerit.Qu0·-

283 1809 399 1853 circa
421 1811 595 1854 minime
610 1801 773 1853 'mirum
797 1810 1022 1859 videbitur,
1046 1810 1081 1853 si
1103 1811 1157 1853 ad
1177 1811 1505 1853 convellendum
1534 1825 1658 1854 men—

288 1880 473 1930 dacium,
509 1883 624 1940 quod
655 1882 845 1924 funditus
878 1881 1152 1924 christianam
1184 1880 1312 1923 fidem
1335 1895 1529 1924 eversum
1548 1880 1656 1929 ibat,

285 1949 330 1993 S.
348 1951 510 1994 Doctor
530 1961 791 2011 quantopere
801 1952 957 2002 ¹valuit,
978 1952 1195 2010 scriptoris
1212 1952 1341 2010 hujus
1359 1951 1660 1996 auctoritatem

287 2021 543 2079 praedicavit.
572 2022 701 2080 Atqui
728 2023 804 2065 alia
827 2037 996 2080 quoque
1018 2022 1136 2065 addit
1163 2037 1382 2065 sacrarum
1400 2021 1661 2080 Paginarum

286 2091 526 2136 testimonia
540 2126 551 2143 ,
591 2094 746 2152 quihus
781 2094 936 2137 invicte
971 2093 1167 2153 superbis
1201 2093 1282 2137 illis
1320 2093 1553 2151 gentilibus
1586 2093 1663 2136 de-

285 2170 496 2205 monstret
510 2163 730 2224 Platonem
745 2172 786 2207 et
800 2164 1019 2208 Socratem
1033 2157 1167 2207 >suum
1188 2180 1240 2208 ex
1256 2163 1343 2207 istis
1359 2162 1663 2223 limpidissimis

288 2231 475 2276 veritatis
504 2234 692 2277 sontibus
724 2236 855 2278 multa
890 2235 1102 2285 hausisse,
1135 2249 1229 2292 quae
1249 2242 1394 2292 postea
1418 2233 1498 2292 ipsi
1523 2232 1661 2276 diluto

288 2302 500 2346 variarum
522 2304 762 2348 fabularum
780 2320 903 2349 coeno
917 2304 1197 2364 corruperint.
1218 2305 1281 2348 De
1295 2305 1474 2349 Platone
1490 2303 1664 2362 quidem

292 2374 397 2416 adeo
413 2383 612 2419 constans
629 2385 693 2420 est
710 2392 808 2420 eum
825 2377 935 2420 bene
952 2378 1087 2420 multa
1102 2376 1189 2432 sive
1207 2392 1259 2420 ex
1274 2375 1403 2420 sacris
1415 2373 1663 2424 (lodicibus.

292 2451 341 2485 ut
360 2442 430 2486 hic
453 2444 579 2487 docet
602 2448 870 2500 Ambrosius,
895 2449 981 2493 sive
1001 2457 1049 2493 ut
1068 2450 1217 2492 volunt
1239 2448 1334 2496 alii.
1356 2463 1379 2491 a
1401 2446 1662 2509 Pythagora,
1682 2451 1697 2453 ”

292 2512 363 2570 qui
393 2522 436 2557 et
465 2514 553 2573 ipse
582 2515 752 2561 Judaeos
780 2520 988 2577 sapientes
1019 2519 1225 2571 audierat,
1260 2519 1479 2569 didicisse,
1508 2525 1557 2562 ut
1577 2516 1672 2579 vul·-
