1780 3120
316 188 383 242 563
862 196 893 224 s.
932 194 1124 224 Amanosu

312 294 364 321 cx
383 277 465 321 hoc
482 289 676 333 corpore,
696 272 729 315 si
752 272 958 315 meruerit
975 279 1117 314 tamen
1135 283 1251 319 cum,
1271 267 1698 327 ChristoJsuturums-

315 347 416 405 quid
452 347 504 389 sit
536 360 675 393 mors,
714 342 817 400 quid
851 341 978 384 etiam
1014 340 1119 389 vita,
1156 338 1484 382 consideremus.
1524 340 1679 397 Itaque

312 416 530 473 Scriptura
560 415 762 462 docente,
797 410 1069 469 cognovimus
1098 408 1195 465 quia
1223 416 1353 451 mors.
1373 409 1584 452 absolutio
1609 417 1677 453 est

316 486 464 528 animm
492 492 534 526 et
564 482 776 541 corporis,
802 490 844 524 et
865 482 1057 538 quoedam
1078 478 1263 521 hominis
1285 479 1505 537 separatio.
1534 479 1675 522 Solvi-

316 571 413 599 mur
436 554 548 596 enim
573 554 655 595 hoc
687 567 798 594 nexu
827 551 974 593 animoe
994 558 1037 592 et
1057 549 1267 606 corporis,
1292 556 1389 591 cum
1418 549 1672 593 recedimus.

315 626 436 668 Unde
466 632 508 666 ct
529 623 663 666 David
690 623 775 664 ait:
803 619 1036 677 «Dirupisti
1067 619 1233 662 vincula
1262 635 1382 670 mea,
1409 620 1484 663 tibi
1512 619 1678 663 sacrifi-

317 695 454 749 »cabo
471 693 649 736 hostiam
668 690 802 734 laudis
818 689 848 732 ¹.
871 708 886 729 »
901 689 1078 733 Vincula
1096 698 1234 732 autem
1253 689 1347 733 vitae
1365 690 1515 748 hujus,
1533 690 1574 733 id
1593 698 1676 741 est,

316 762 632 821 conjunctionis
663 769 816 810 nostrae
846 775 938 817 quae
970 774 1022 801 ex
1054 759 1191 807 anima
1215 767 1380 802 constat
1403 770 1446 802 et
1471 775 1678 818 corporo,

315 832 540 890 significari
561 833 685 873 docet
706 829 897 888 superior
923 828 1155 872 versiculus
1179 829 1332 872 Psalmi
1355 829 1484 886 hujus
1504 845 1514 872 ε
1540 847 1556 869 «
1573 830 1679 873 Pro·

314 902 448 943 »tiosa
470 901 513 943 in
541 908 772 958 conspectu
805 899 975 942 Domini
1004 914 1119 942 mors
1155 899 1516 958 sanctorum'ejus‘
1528 899 1559 943 ².
1581 918 1599 940 n
1624 900 1680 944 Et

314 972 409 1014 ideo
437 971 556 1028 quasi
576 969 1042 1028 Propheta.praevidens
1064 984 1108 1011 se
1128 984 1226 1012 cum
1248 969 1404 1012 sanctis
1419 1002 1430 1018 ‚
1453 969 1584 1027 etqui
1600 984 1682 1028 pro

318 1041 541 1083 devotione
567 1040 728 1083 animas
751 1055 846 1082 suas
866 1039 909 1081 in
933 1034 1101 1082 Christo
1123 1042 1434 1098 deposuerunt,
1458 1040 1652 1083 futurum
1667 1072 1682 1093 ,

317 1102 508 1159 laetatur3
533 1109 629 1167 quia
658 1117 701 1151 ct
730 1109 818 1167 ipse
843 1109 998 1152 obtulit
1027 1125 1071 1152 so
1101 1109 1283 1153 fideliter
1316 1125 1394 1168 pro
1425 1110 1502 1153 Dei
1524 1111 1686 1168 populo

319 1182 517 1223 adversus
538 1180 729 1230 Goliam,
754 1195 853 1223 cum
885 1180 1085 1239 singulari
1106 1181 1337 1224 certamine
1364 1181 1608 1228 dimicaret.
1640 1187 1688 1223 et

319 1252 433 1293 solus
464 1265 692 1293 commune
721 1251 958 1308 periculum
985 1259 1028 1294 et
1057 1252 1219 1294 crimen
1244 1251 1457 1294 refelleret
1490 1250 1583 1310 (9);
1617 1251 1688 1294 vel

318 1335 418 1363 cum
450 1338 494 1364 se
526 1322 653 1364 morti
678 1338 756 1381 pro
783 1323 953 1366 Domini
974 1324 1179 1381 placanda
1204 1322 1437 1366 offensione
1462 1331 1690 1382 promptus

321 1393 553 1449 objiceret;
576 1395 643 1436 vel
665 1408 762 1435 cum
785 1409 828 1436 se
847 1409 925 1452 pro
950 1396 1084 1436 salute
1105 1394 1251 1453 populi
1277 1394 1508 1437 laborantis
1534 1393 1690 1436 divinae

324 1463 476 1505 ultioni
505 1472 675 1521 paratus
699 1463 883 1507 offerret.
910 1454 1469 1523 Sciebateninigloriosius—
1489 1480 1579 1507 csse
1609 1478 1693 1522 pro

324 1533 493 1576 Christo
514 1534 646 1583 mori,
678 1549 806 1591 quam
841 1550 1018 1592 regnare
1052 1535 1095 1577 in
1122 1535 1202 1578 hoc
1234 1537 1403 1579 saeculo.
1433 1535 1550 1588 Quid
1572 1534 1692 1577 enim

325 1603 594 1661 praestantius
623 1618 751 1660 quam
774 1603 865 1645 ficri
898 1603 1054 1646 Christi
1074 1604 1289 1647 hostiam?
1309 1606 1458 1663 Itaque
1479 1620 1578 1648 cum
1603 1605 1692 1648 sre-

327 1680 505 1729 quenter
528 1673 577 1715 ab
601 1688 652 1715 eo
667 1675 855 1731 legamus
875 1673 1060 1716 Domino
1080 1674 1222 1716 oblata
1243 1689 1333 1716 esse
1355 1672 1560 1716 sacrificia
1576 1706 1587 1723 ‚
1606 1674 1701 1720 hoc.

329 1751 472 1785 tamen
499 1743 594 1785 loco
622 1743 809 1786 addidit:
835 1743 961 1786 «Tibi
982 1742 1229 1786 sacrificabo
1250 1744 1431 1786 hostiam
1457 1743 1635 1787 laudis³.
1662 1762 1684 1785 ι

327 1811 422 1855 Non
455 1811 669 1862 sacrifico,
700 1812 860 1870 inquit,
894 1813 968 1854 sed
1001 1811 1277 1862 sacrificabo,
1309 1812 1550 1871 significans
1586 1814 1694 1860 illud

327 1881 564 1940 perfectum
581 1898 672 1924 esse
688 1882 942 1924 sacrificium
957 1915 970 1931 ,
989 1883 1158 1939 quando
1179 1883 1470 1940 ‘unusquisque
1491 1882 1691 1935 Domino,

329 1952 520 2010 corporis
540 1951 667 2009 hujus
688 1951 866 1994 vinculis
891 1952 1110 1994 absolutus
1134 1946 1365 2002 assisteret,
1389 1961 1432 1995 et
1454 1951 1626 2011 offerret
1648 1968 1698 1996 se

329 2021 512 2065 hostiam
532 2021 690 2070 laudis;
712 2021 810 2078 quia
838 2029 935 2064 ante
954 2030 1136 2065 mortem
1163 2023 1278 2064 nulla
1298 2029 1362 2065 est
1383 2021 1572 2081 perfecta
1599 2023 1701 2066 lau-

329 2091 444 2134 datio
465 2106 474 2132 :
500 2106 638 2148 neque
660 2092 881 2148 quisquam
899 2091 942 2133 in
962 2091 1043 2134 hac
1068 2092 1151 2134 vita
1174 2100 1313 2150 potest
1339 2091 1515 2135 definito
1538 2107 1699 2151 proeco-

330 2161 402 2203 nio
418 2161 636 2218 praedicari
654 2194 663 2209 ,
688 2176 785 2204 cum
812 2162 1043 2220 posteriora
1066 2161 1158 2220 ejus
1176 2163 1338 2206 incerta
1359 2163 1454 2206 sint.
1482 2163 1594 2207 Mors
1615 2163 1697 2222 igi-

333 2238 404 2273 tur
426 2231 578 2273 solutio
594 2240 657 2273 est
674 2231 824 2275 animae
845 2240 888 2275 et
908 2233 1109 2290 corporis.
1135 2233 1328 2291 Denique
1353 2242 1396 2276 et
1417 2233 1460 2276 in
1490 2232 1698 2292 Apostolo

339 2301 560 2344 docuimus
583 2304 741 2345 lectum
763 2317 773 2344 :
801 2303 1034 2354 «Dissolvi,
1057 2313 1100 2347 et
1123 2320 1220 2347 cum
1242 2305 1410 2348 Christo
1442 2320 1532 2348 csse
1560 2305 1700 2347 multo

337 2388 354 2410 )›
368 2371 556 2413 melius‘.
572 2390 587 2410 »
601 2371 762 2415 Solutio
775 2381 914 2416 autem
928 2374 1003 2416 ista
1020 2375 1121 2432 quid
1136 2375 1250 2419 aliud
1262 2375 1363 2434 agit,
1381 2374 1461 2417 nisi
1481 2382 1527 2417 ut
1542 2389 1699 2434 corpus

339 2442 572 2484 resolvatur
592 2450 635 2484 et
655 2443 843 2500 quiescat
870 2459 881 2486 τ
912 2445 1050 2488 anima
1079 2447 1219 2488 autem
1250 2452 1522 2488 convertatur
1550 2445 1594 2489 in
1626 2460 1706 2489 re*

383 2542 392 2558 ⁸
409 2533 494 2567 Psal.
513 2544 588 2574 cxv,
608 2544 659 2578 17.
672 2552 712 2559 —
727 2545 740 2560 ⁸
763 2534 848 2569 ibid.
866 2538 970 2572 ι5.-
986 2537 1107 2571 ³1b2d.
1125 2550 1175 2582 ¹7·
1198 2557 1238 2564 —
1257 2541 1270 2567 ⁴
1287 2538 1407 2583 Philip.
1427 2549 1451 2577 ι,
1472 2538 1523 2571 ²3.
