1780 3120
23 2022 41 2056 ἰ

24 2095 47 2201 Ξ

27 2215 48 2287 ἐξ

361 223 415 252 nn
446 218 906 253 sosnrnrumncn.
944 220 1066 252 usn
1097 221 1212 252 unns.
1248 205 1326 258 'T
1354 209 1466 270 ‘²37

98 300 203 347 lium
233 310 383 362 captus
410 301 647 351 ifflcebris„
673 300 750 345 uhi
779 299 871 344 aliis
896 299 1157 359 periculum,
1188 300 1275 344 illic
1300 310 1465 345 teneret

95 373 315 418 victoriam
326 390 340 423 ς
371 372 444 432 qui
474 387 621 416 omnes
649 373 887 432 voluptates
921 371 1063 415 carnis
1088 371 1291 430 singulari
1322 374 1462 416 conti-

98 444 242 489 nentia
270 452 316 488 et
341 443 498 488 virtute
525 450 768 502 superaret,
799 441 924 500 cujus
953 441 1169 500 ingenium
1193 443 1466 502 studiumque

97 517 216 560 nulla
237 515 427 575 corporis
449 514 673 558 hebetaret
688 512 914 568 infirmitas
929 545 942 563 ,
964 512 1153 571 quicum
1176 522 1286 559 esset
1302 514 1343 556 in
1365 529 1464 557 cor-

98 603 201 649 pore
217 621 231 638 ‚
253 602 408 646 corpus
427 602 472 630 se
493 585 652 629 habere
674 585 871 628 nesciret.
897 584 1089 642 Denique
1110 592 1255 642 raptus
1277 585 1321 627 in
1339 602 1465 644 para-

98 658 238 702 disum
252 690 267 707 ,
279 657 365 700 sive
383 657 426 700 in
441 671 619 715 corpore
631 689 642 705 ,
660 655 749 698 sive
762 663 881 698 extra
899 670 1055 713 corpus
1071 655 1262 698 nesciens
1274 687 1286 704 ,
1305 656 1464 698 audivit

97 727 228 772 verba
245 726 502 777 ineffabilia,
523 741 617 784 quae
636 725 755 783 loqui
774 724 939 768 homini
963 740 1050 768 non
1070 725 1218 768 liceret
1243 740 1254 767 :
1279 726 1351 783 qui
1370 742 1463 784 pos-

100 807 236 843 tremo
255 797 364 842 nihil
386 806 602 841 terrenum
620 798 756 840 oleret
775 796 820 839 in
844 796 967 839 terris
984 828 997 846 ‚
1025 796 1238 855 sicutipse
1257 798 1383 840 docet
1398 798 1465 840 di-

98 884 199 912 cens
221 884 265 912 :c
281 868 391 924 Quia
408 868 565 912 Christi
586 869 726 911 bonus
747 866 855 911 odor
873 882 1024 911 sumus
1040 867 1130 911 Deo
1148 867 1190 910 in
1210 867 1259 910 iis
1273 868 1346 925 qui
1362 869 1463 912 salvi

92 958 112 982 ο
123 939 273 984 fiunt¹.
294 958 312 981 n

152 1009 349 1055 LXXVI.
367 1008 576 1052 Praecellit
593 1009 722 1067 igitur
729 1009 906 1058 Paulus,
921 1017 966 1052 et
978 1008 1071 1067 ejus
1085 1009 1291 1052 exuberat
1300 1011 1462 1068 portio:

93 1081 172 1124 sed
189 1089 333 1124 tamen
353 1079 538 1128 habent,
561 1088 606 1122 et
625 1078 696 1122 alii
713 1078 1019 1138 praedicatores
1040 1079 1219 1137 gratiam
1238 1094 1371 1124 suam.
1398 1082 1466 1125 Bi-

92 1166 170 1195 nas
187 1152 316 1195 stolas
333 1150 561 1208 accipiunt.
584 1149 706 1202 Quas
719 1149 842 1192 illas?
863 1149 1015 1208 Utique
1032 1150 1086 1192 de
1101 1150 1255 1207 quibus
1270 1152 1464 1196 dubitare

92 1209 179 1264 non
199 1221 353 1277 debes,
368 1220 468 1279 quia
484 1219 620 1278 legisti
637 1221 691 1263 de
706 1218 926 1278 Sapientia
948 1219 1112 1263 dictum
1133 1221 1311 1264 :cBinas
1326 1231 1462 1265 vestes

94 1292 224 1335 »fecit
246 1292 335 1335 viro
362 1290 480 1335 suo’.
510 1309 528 1332 ι
542 1292 635 1334 Una
663 1299 728 1334 est
755 1290 964 1349 mystica,
985 1291 1158 1334 moralis
1179 1293 1310 1335 altera
1345 1294 1387 1350 (4
1397 1296 1454 1349 2).

93 1361 182 1408 sed
200 1377 289 1407 non
304 1377 454 1412 omnes
472 1361 689 1421 Apostoli,
712 1376 801 1405 non
816 1375 965 1404 omnes
984 1361 1206 1419 Propheta:
1219 1394 1233 1411 ,
1260 1378 1346 1405 non
1366 1378 1461 1406 om-

95 1448 171 1492 nes
185 1442 399 1493 pastores,
420 1448 508 1477 non
528 1447 677 1476 omnes
696 1431 893 1482 virtutes,
909 1446 999 1474 non
1021 1446 1169 1475 omnes
1188 1432 1349 1476 habent
1362 1450 1459 1493 gra-

97 1504 199 1549 tiam
219 1504 487 1547 curationum
501 1537 514 1554 ,
543 1517 631 1546 non
659 1517 809 1546 omnes
833 1502 989 1561 linguis
1009 1503 1254 1560 loquuntur.
1292 1504 1372 1546 L'bi
1393 1504 1461 1548 di-

96 1589 215 1618 versa
233 1574 384 1618 merita
398 1606 412 1624 ,
438 1573 610 1633 praemia¹
628 1573 806 1618 diversa.

153 1643 368 1690 LXXVII.
391 1644 448 1688 Et
468 1644 784 1703 praemittuntur
797 1643 909 1704 patri
930 1657 1109 1685 munera
1121 1641 1151 1686 ς.
1171 1643 1304 1688 Filius
1323 1645 1461 1689 hono-

97 1724 163 1759 rat
177 1723 355 1774 patrem.
383 1715 577 1758 Christus
597 1716 804 1773 populum
823 1729 949 1756 suum
969 1713 1116 1757 inritat
1133 1715 1350 1773 promissis
1364 1750 1379 1766 ,
1401 1716 1461 1760 in-

98 1786 201 1829 vitat
219 1785 484 1829 muneribus.
502 1785 682 1829 Portant
700 1784 794 1828 haec
816 1799 992 1827 munera
1016 1785 1121 1827 asini
1140 1786 1200 1828 illi
1214 1787 1400 1838 inutiles,
1418 1797 1462 1831 et

37 1867 46 1882 ³
96 1855 296 1905 laboriosi
317 1863 437 1904 ante,
471 1870 589 1898 nunc
612 1854 738 1897 utiles
757 1869 769 1896 z
793 1861 967 1912 portant
989 1854 1034 1897 in
1060 1863 1161 1912 typo
1183 1855 1339 1900 Christi
1363 1874 1462 1902 mu-

98 1939 200 1968 nera
213 1958 227 1976 ,
248 1924 460 1985 portaturi
479 1924 525 1968 in
544 1924 772 1983 Evangelio
793 1938 1023 1967 munerum
1043 1924 1299 1984 largitorem.

100 2046 106 2051 ,
155 1995 387 2039 LXXVIII.
413 1994 581 2039 Dimisit
606 2002 748 2037 autem
764 1994 916 2037 fratres
941 2009 1055 2044 suos,
1078 2003 1120 2037 et
1140 1995 1350 2041 abierunt.
1369 2016 1386 2038 ι
1406 1999 1461 2042 Et

23 2071 45 2092 “
84 2047 231 2109 edixit
247 2065 327 2110 inis
349 2065 538 2123 Joseph:
555 2064 724 2108 Nolite
711 2065 835 2108 trasei
857 2065 900 2108 in
922 2064 1015 2108 via⁴
1023 2096 1034 2108 .
1060 2066 1230 2118 »Quam
1252 2068 1365 2111 bene
1381 2070 1453 2112 do-

97 2144 167 2182 cet
182 2136 235 2178 ab
253 2135 471 2180 iracundia
483 2134 826 2194 praecavendum,
835 2131 960 2193 quod
971 2151 1019 2178 ea
1029 2136 1163 2194 possit
1175 2136 1305 2180 etiam
1320 2153 1461 2182 amau-

98 2215 162 2258 ωε
177 2207 243 2250 sui
260 2222 494 2267 separare„
467 2222 705 2257 verman033
723 2215 767 2250 et
776 2207 960 2250 maxime
976 2206 1020 2249 in
1034 2207 1100 2250 ria
1115 2207 1356 2266 fugiendam
1368 2225 1460 2253 esse

30 2326 44 2341 F
99 2277 383 2327 discordiam,
411 2277 600 2337 ubiipse
628 2277 771 2321 viandi
794 2277 1022 2321 comitatus
1048 2277 1177 2320 debet
1207 2278 1459 2323 inviolabilis

33 2342 70 2399 3.
98 2349 241 2410 gratim
260 2349 421 2397 hahere
443 2349 720 2395 consortium.
742 2347 860 2401 Quid
881 2356 1024 2401 autem
1039 2348 1156 2394 aliud
1176 2347 1235 2391 ait
1252 2349 1458 2394 Dominus

98 2427 244 2479 noster
260 2419 385 2462 Jesus
403 2433 457 2462 ex
475 2418 558 2461 hoc
589 2432 769 2477 corpore
799 2432 1068 2467 recessurus,
1094 2432 1194 2460 cum
1219 2418 1457 2478 Discipulos

100 2488 331 2532 dimitteret
351 2504 471 2539 suos,
499 2487 580 2531 nisi
601 2503 656 2531 ne
676 2489 960 2532 irascerentur
974 2487 1019 2530 iu
1035 2487 1102 2531 via
1116 2520 1130 2537 ,
1158 2488 1303 2531 dicens
1321 2504 1332 2531 :
1347 2508 1364 2529 ι
1383 2490 1458 2533 Pa-

147 2567 289 2615 ¹neor.
313 2592 350 2620 n,
369 2583 422 2616 1⁵.
441 2561 513 2608 -ἦ
534 2568 631 2616 Pron*
657 2593 744 2626 xxxi,
767 2592 821 2616 υ.
842 2568 882 2609 ’-
897 2582 912 2604 ³
928 2581 1015 2615 Gen.
1039 2564 1237 2622 nnn-2524—
1251 2586 1266 2609 ⁴
1283 2581 1373 2616 thid.
1398 2584 1450 2623 τί.
