1780 3120
0 577 14 621 ς,

0 679 7 724 ἕ

432 271 486 299 nn
518 269 628 299 nono
658 268 825 299 nonus.
863 268 986 297 unna
1019 267 1136 297 unus.
1412 256 1474 314 89

110 348 240 401 cella,
263 362 403 406 neque
423 347 608 391 tenebra:
621 379 633 397 ‚
662 362 802 405 neque
824 361 990 405 vesper,
1019 361 1159 405 neque
1174 354 1320 398 aestas,
1341 361 1482 406 neque

108 420 259 478 hyems
275 419 386 462 vices
400 419 624 462 variabunt
639 426 896 478 temporum.
918 417 1012 461 Non
1028 416 1176 476 frigus,
1194 433 1280 461 non
1298 419 1478 478 grando,

107 503 195 532 non
216 489 392 548 pluviae,
417 505 504 533 non
537 489 635 533 solis
660 489 779 533 istius
808 489 889 532 erit
915 503 1041 538 usus,
1072 496 1145 531 aut
1174 490 1308 539 lunae,
1341 505 1486 547 neque

108 560 323 602 stellarum
351 559 496 618 globi:
530 561 606 603 sed
636 561 725 604 sola
753 560 832 603 Dei
860 556 1040 619 fulgebit
1062 559 1244 602 claritas.
1271 559 1484 602 Dominus

106 629 223 672 enim
243 629 325 672 erit
350 631 424 673 lux
441 631 660 681 omnium3
687 638 730 674 et
757 630 865 673 illud
878 631 1025 673 lumen
1044 644 1191 672 verum
1204 662 1216 680 ,
1240 630 1357 687 quod
1379 630 1480 672 illu·

106 700 241 745 minat
261 716 434 744 omnem
454 701 696 753 hominem,
714 702 891 762 fulgebit
909 702 1123 745 omnibus.
1146 701 1307 744 Ibimus
1328 716 1380 744 eo
1402 701 1478 745 ubi

107 771 284 815 servulis
305 772 390 814 suis
404 772 618 816 Dominus
633 773 758 816 Jesus
779 773 1021 817 mansiones
1039 772 1230 832 paravit,
1248 781 1296 815 ut
1310 772 1387 815 ubi
1408 772 1481 815 ille

107 850 194 892 est,
212 851 257 886 et
271 857 349 886 nos
361 842 504 886 simus.
522 843 593 887 Sic
609 844 724 887 enim
739 844 887 887 voluit.
909 844 1016 897 Quae
1038 843 1123 886 sint
1138 844 1219 887 illae
1237 842 1481 886 mansiones

108 911 207 955 audi
237 913 481 956 dicentem:
508 931 525 953 «ι
542 914 591 956 In
623 915 751 957 domo
780 914 917 958 Patris
944 913 1031 973 mei
1059 913 1300 957 mansiones
1330 913 1479 956 multae

106 981 279 1025 »sunt¹.
297 1001 316 1023 ι
335 983 442 1035 Quae
473 983 527 1026 sit
557 985 782 1027 voluntas:
809 1002 826 1023 ι
850 986 1032 1039 Iterum,
1064 984 1227 1042 inquit,
1259 983 1405 1034 venio,
1434 990 1479 1027 et

107 1071 125 1094 ι
138 1050 325 1097 accersio
340 1068 415 1096 vos
434 1055 489 1097 ad
507 1070 578 1097 me
595 1054 750 1134 ipsum,
765 1063 814 1098 ut
831 1054 907 1097 ubi
921 1062 1000 1114 ego
1017 1070 1112 1097 sum
1124 1087 1135 1104 ,
1154 1062 1198 1097 et
1211 1069 1286 1098 vos
1301 1053 1433 1096 sitis².
1448 1072 1468 1095 ι

163 1122 270 1166 LIV.
308 1123 394 1167 Sed
416 1124 531 1168 dices
562 1124 660 1183 quia
686 1125 785 1168 solis
804 1125 1034 1184 Discipulis
1056 1126 1337 1183 loquebatur,
1361 1125 1480 1183 quod

106 1191 206 1252 ipsis
233 1194 332 1237 solis
352 1195 626 1254 spoponderit
645 1197 801 1239 multas
830 1196 1086 1239 mansiones.
1113 1197 1248 1255 Igitur
1273 1196 1476 1239 undecim

103 1271 272 1308 tantum
298 1265 526 1324 Discipulis
554 1267 849 1325 praeparabat?
879 1267 935 1310 Et
960 1268 1036 1310 uhi
1059 1275 1124 1310 est
1145 1268 1250 1311 illud
1277 1268 1394 1326 quod
1423 1282 1477 1310 ex

106 1335 306 1379 omnibus
339 1337 490 1380 mnndi
520 1338 712 1397 partibus
744 1338 918 1381 venient
945 1347 988 1381 et
1023 1338 1278 1382 recumbent
1316 1338 1361 1381 in
1394 1337 1476 1381 Dei

104 1405 298 1465 regno⁸?
319 1408 442 1451 Unde
459 1408 689 1452 voluntatis
714 1408 867 1452 divinae
890 1409 1135 1452 dubitamus
1157 1407 1368 1452 effectus?
1390 1407 1478 1451 Sed

106 1474 266 1519 Christi
294 1479 422 1528 velle,
446 1477 597 1521 secisse
618 1487 694 1522 est.
721 1478 916 1536 Denique
936 1480 1242 1522 demonstravit
1272 1487 1316 1522 et
1334 1478 1474 1528 viam,

107 1547 412 1607 demonstravit
441 1557 485 1592 et
516 1550 688 1600 locum,
722 1548 896 1592 dicens:
924 1567 940 1589 a
955 1550 1009 1593 Et
1033 1565 1119 1608 quo
1141 1550 1272 1599 vado,
1293 1564 1368 1592 vos
1391 1548 1481 1601 sci·

106 1635 125 1658 ι
138 1616 190 1660 tis
204 1650 216 1667 ,
242 1626 287 1662 et
307 1618 418 1662 viam
439 1619 602 1671 scstis‘,
620 1638 638 1659 ι
657 1619 797 1663 Locus
819 1620 933 1678 apud
951 1619 1120 1663 Patrem
1146 1628 1233 1669 est,
1251 1620 1319 1662 via
1334 1618 1480 1661 Chris·

105 1695 175 1730 tus
196 1696 285 1738 est,
309 1689 419 1732 sicut
438 1689 528 1748 ipse
548 1690 606 1733 ait
624 1705 635 1732 ε
661 1708 678 1729 ι
692 1690 782 1749 Ego
806 1705 902 1733 sum
929 1690 994 1733 via
1009 1723 1021 1740 ‚
1048 1699 1091 1734 et
1111 1690 1287 1740 veritas,
1308 1699 1353 1733 et
1370 1689 1473 1734 vita.

104 1776 124 1799 ι
136 1758 272 1803 Nemo
291 1760 408 1804 venit
428 1761 483 1803 ad
502 1761 670 1804 Patrem
690 1761 770 1804 nisi
783 1776 860 1819 per
876 1761 988 1804 me⁵.
1010 1780 1028 1801 »
1048 1761 1343 1820 Ingrediamur
1364 1760 1478 1803 hanc

106 1828 240 1879 viam,
262 1838 483 1874 teneamus
508 1831 729 1874 veritatem
743 1864 756 1881 ,
780 1832 911 1874 vitam
931 1847 1172 1890 sequamur.
1199 1831 1278 1877 Via
1297 1839 1361 1875 est
1381 1847 1479 1889 quae

105 1899 327 1956 perducit,
350 1901 510 1944 veritas
525 1909 589 1944 est
609 1916 703 1959 quae
726 1901 975 1951 confirmat,
996 1903 1081 1945 vita
1104 1918 1199 1960 quae
1218 1918 1296 1961 per
1311 1917 1356 1944 se
1375 1902 1478 1944 red-

108 1969 236 2013 ditur.
252 1970 362 2014 Etut
373 1971 558 2014 sciamus
572 1986 715 2014 veram
731 1973 1011 2021 voluntatem,
1031 1972 1191 2015 addidit
1206 1972 1250 2015 in
1265 1971 1470 2031 posterio-

106 2040 256 2084 ribus:
279 2041 460 2092 «Pater,
489 2057 596 2100 quos
629 2042 782 2085 dedisti
801 2042 927 2093 mihi,
951 2044 1047 2086 volo
1070 2050 1119 2086 ut
1148 2043 1222 2086 ubi
1248 2058 1327 2101 ego
1350 2057 1472 2092 snm,

107 2119 152 2154 et
169 2111 228 2154 illi
245 2112 330 2155 siut
350 2127 520 2156 mecum
534 2145 550 2162 ,
564 2121 612 2156 ut
627 2112 796 2156 videant
816 2113 1051 2157 claritatem
1068 2129 1208 2157 meam
1220 2113 1251 2157 ⁸.
1272 2132 1290 2154 ι
1307 2113 1476 2171 Repeti-

107 2181 168 2224 tio
194 2181 270 2225 ista
302 2181 570 2227 confirmatio
595 2191 686 2233 est,
719 2183 830 2226 sicut
858 2183 993 2227 illud:
1019 2202 1038 2223 ι
1058 2183 1275 2228 Abraham
1291 2217 1302 2232 ,
1332 2182 1474 2226 Abra-

106 2252 238 2296 »ham
251 2252 264 2274 ⁷
283 2254 294 2295 l
313 2272 331 2294 ι
350 2254 404 2297 Et
424 2254 524 2298 alibi
542 2269 554 2298 :
574 2273 591 2293 ι
606 2255 696 2314 Ego
711 2254 824 2304 sum,
846 2271 926 2314 ego
946 2270 1040 2298 snm
1057 2287 1069 2304 ‚
1087 2254 1161 2313 qui
1176 2256 1298 2298 deleo
1318 2253 1473 2311 iniqui-

106 2331 246 2367 »tates
274 2323 411 2368 ἰοῦς’.
431 2343 450 2366 ι
468 2325 651 2368 Pulchre
680 2333 823 2368 autem
851 2326 970 2384 quod
998 2341 1125 2384 supra
1154 2324 1371 2383 promisit,
1401 2324 1476 2367 hic

107 2394 316 2453 poposcit.
340 2395 396 2438 Et
414 2395 514 2453 quia
530 2403 627 2438 ante
648 2395 867 2455 promisit,
890 2404 935 2438 et
954 2395 1014 2438 sic
1029 2395 1244 2454 poposcit,
1264 2410 1351 2438 non
1373 2401 1474 2438 ante

107 2465 326 2523 poposcit,
348 2473 392 2508 et
416 2466 477 2509 sic
497 2467 693 2524 promisit
711 2481 722 2509 z
744 2465 940 2525 promisit
955 2465 1075 2524 quasi
1090 2465 1249 2509 arbiter
1264 2464 1473 2513 muneris,

136 2577 167 2597 Α
187 2569 285 2602 Jonu.
302 2579 374 2610 xiv,
394 2582 425 2603 ι.
442 2588 484 2595 -
502 2580 516 2596 ·
537 2570 622 2604 lhid.
644 2572 664 2603 5
679 2590 720 2597 -
738 2573 753 2596 ³
770 2571 892 2605 unuh.
908 2582 986 2611 vni,
1014 2581 1065 2604 ιι.
1090 2588 1133 2595 -·
1152 2571 1167 2598 ἆ
1190 2569 1290 2602 Joan.
1307 2567 1476 2607 urst.—

36 2624 56 2635 ³
111 2621 127 2645 ⁸
140 2621 229 2656 lhid.
248 2623 280 2657 6.
299 2641 337 2649 -
355 2624 371 2647 ⁶
388 2623 442 2657 Id.
456 2635 539 2661 xvu,
555 2636 653 2658 ιι-
668 2631 679 2652 ⁷
694 2624 781 2659 Gen.
794 2636 876 2664 nn,
893 2636 922 2658 ι,
937 2643 979 2650 -
994 2627 1008 2648 ⁸
1027 2625 1109 2658 lsai.
1127 2636 1219 2663 xuu,
1236 2624 1290 2656 25.
