1780 3120
136 243 191 276 nn
222 240 602 277 nume-rionava
631 239 998 275 »transennam«.
1033 241 1155 272 unna
1187 241 1305 272 unus.
1349 225 1434 272 253

76 330 214 376 torem
227 322 455 378 mundanae
470 319 719 365 colluvionis
734 318 919 364 abolevit
931 350 945 370 ‚
966 328 1012 362 et
1036 319 1131 364 vitae
1150 328 1319 387 aiternae
1335 322 1437 365 odo·

0 413 2 449 ς
74 408 168 437 rem
183 392 352 437 infudit.

133 463 235 508 XX.
272 462 414 506 Habes
447 476 548 521 ergo
587 461 944 512 incarnationem,
984 461 1131 520 accipe
1169 463 1433 522 passionemz

87 535 414 586 «Recumbens,
442 535 601 593 inquit,
628 534 819 578 dormisti
835 542 884 578 ut
904 535 998 578 leo:
1021 536 1222 592 »quando
1242 535 1375 593 jacuit
1394 537 1437 579 in

0 625 3 665 {
75 607 298 666 sepulcro,
321 607 440 650 velut
458 607 645 664 quodam
658 605 848 665 corporis
868 605 933 649 sui
949 620 1099 649 somno
1115 605 1304 663 quietus,
1328 607 1439 650 sicut

75 676 167 735 ipse
183 675 242 721 ait
258 691 271 719 ε
287 694 305 716 ι
322 676 411 734 Ego
428 676 634 727 dormivi,
651 685 696 720 et
716 676 928 734 requievi,
958 683 1002 719 et
1022 675 1209 724 surrexi:
1232 676 1436 733 quoniam

74 746 314 800 »Dominus
335 747 524 806 suscepit
542 746 686 791 me‘.»
708 748 830 791 Unde
848 755 894 790 et
916 746 1055 790 Jacob
1075 747 1134 789 ait
1151 762 1162 789 ε
1179 764 1196 786 ι
1216 747 1324 800 Quis
1344 763 1439 791 sus-

0 822 2 852 1
76 817 257 863 »citabit
275 833 397 868 eum;
416 837 433 859 s
457 818 541 862 boc
555 827 643 868 est,
674 833 804 876 quem
844 817 1054 862 Dominus
1084 817 1296 876 suscipiet.
1332 819 1438 872 Quis

0 886 5 900 ‘
76 896 142 932 est
173 889 277 933 alius
307 889 381 948 qui
409 889 655 939 resuscitet,
678 889 759 933 nisi
779 889 870 948 ipse
888 904 933 932 se
954 904 1030 932 sua
1054 888 1276 947 Patrisque
1296 905 1439 933 resus-

0 986 3 1014 5
77 958 181 1002 citet
208 958 452 1018 potestate?
477 959 606 1003 Video
627 968 775 1003 natum
800 959 1054 1003 auctoritate
1088 959 1282 1019 propria,
1315 962 1438 1005 video

0 1051 1 1055 ¹
77 1037 296 1074 mortuum
319 1030 491 1090 propria
519 1031 758 1081 voluntate,
797 1030 921 1075 video
958 1030 1241 1074 dormientem
1276 1041 1442 1090 postes—

8 1135 12 1150 -,
69 1108 166 1157 μω
178 1100 361 1160 propria.
390 1099 477 1155 Qui
497 1101 642 1144 omnia
663 1116 742 1144 suo
768 1100 872 1144 fecit
890 1100 1091 1150 arbitrio,
1116 1100 1239 1158 cujus
1270 1103 1441 1146 alterius

79 1179 128 1215 ut
167 1180 358 1230 resurgat
397 1172 539 1231 egebit
572 1171 735 1215 auxiliis
762 1171 781 1214 Ρ
818 1172 915 1230 Ipse
951 1171 1079 1230 igitur
1119 1174 1441 1218 resurrectionis

80 1256 167 1285 suae
186 1250 336 1287 auctor
353 1251 438 1294 est,
460 1242 535 1303 qui
560 1243 710 1288 mortis
731 1251 795 1310 est
818 1243 997 1294 arbiter,
1036 1243 1110 1301 qui
1139 1254 1389 1303 expectatur
1418 1262 1442 1289 a

81 1313 291 1372 gentibus.
592 1366 594 1368 ‚

139 1384 263 1429 xxk
284 1384 337 1428 Et
349 1393 393 1429 et
414 1385 535 1436 ideo,
550 1386 722 1430 «Donec
732 1386 801 1430 ille
817 1385 957 1430 veniat
969 1419 982 1436 ,
1000 1400 1087 1429 non
1105 1385 1274 1430 deficiet
1287 1389 1372 1430 dux
1391 1398 1444 1432 ex

12 1514 14 1517 .
81 1454 245 1506 ..ludu
262 1475 280 1497 ι
291 1464 485 1515 utusque
502 1459 556 1501 ad
571 1457 666 1516 ejus
691 1466 835 1501 ortum
851 1457 1004 1516 regalis
1039 1458 1317 1502 successionis
1338 1459 1443 1503 fides

84 1525 331 1587 incorrupta
366 1536 569 1573 servetur.
594 1529 744 1573 Postea
772 1528 911 1579 enim,
935 1537 984 1572 ut
1006 1528 1235 1572 docuimus
1260 1537 1445 1574 tractatu

84 1595 232 1642 habito
252 1598 296 1642 in
318 1599 613 1658 Evangelium,
634 1615 713 1658 per
732 1600 948 1643 Herodem
973 1600 1208 1643 adulterata
1233 1601 1444 1644 successio

85 1669 404 1728 praerogativam
436 1670 649 1729 dignitatis
673 1670 825 1713 amisit.
860 1670 1030 1715 Etenim
1060 1671 1159 1729 quia
1200 1686 1348 1714 verum
1382 1689 1445 1716 re-

12 1739 34 1783 ἶ
84 1753 183 1798 gem
202 1748 487 1799 negaverunt,
509 1739 630 1784 falsos
650 1740 810 1784 habere
830 1749 1065 1799 coeperunt.
1090 1742 1202 1799 Ergo
1222 1741 1306 1785 hoc
1327 1745 1445 1800 quod

12 1833 34 1862 3
89 1811 193 1855 dicit
219 1812 486 1864 patriarcha,
507 1812 745 1856 servabitur
770 1812 815 1856 in
834 1812 1055 1871 jndicibus
1070 1815 1139 1856 vel
1171 1814 1342 1872 regibus
1368 1815 1449 1858 Ju-

90 1882 280 1925 daeorum
300 1882 560 1927 intemeratae
582 1883 862 1927 successionis
886 1883 1109 1926 haereditas
1131 1884 1267 1927 ducta·
1284 1901 1362 1944 per
1386 1901 1451 1928 re-

26 1956 32 2011 f
89 1968 162 2012 ges
179 1968 191 1996 ε
206 1970 224 1992 ι
244 1952 390 1997 Donec
404 1954 547 1998 veniat
565 1954 635 1997 cui
655 1954 890 2013 repositum
915 1962 1002 2003 est;
1017 1962 1096 1997 »ut
1115 1955 1349 1998 Ecclesiam
1372 1957 1450 1999 Dei

92 2033 321 2084 congreget
343 2040 397 2069 ex
430 2033 643 2068 conventu
671 2024 892 2067 nationum
926 2024 1143 2073 omnium,
1166 2032 1211 2068 et
1230 2025 1451 2084 gentilium

29 2091 39 2156 ᾗ
93 2096 316 2140 devotione
342 2097 626 2155 populorum,
661 2095 744 2141 hoc
768 2104 855 2152 est,
883 2095 1022 2154 ipsum
1055 2105 1220 2145 manet,
1262 2097 1340 2155 ipsi
1380 2100 1452 2141 de-

91 2166 231 2212 bitum
251 2175 490 2211 reservatur
504 2199 517 2217 ,
540 2167 619 2226 ipsi
639 2175 766 2210 tantoe
785 2166 928 2225 gratiae
946 2167 1221 2225 praerogativa
1244 2167 1446 2212 defertur.

152 2237 294 2290 XXII.
311 2256 329 2278 ι
356 2237 412 2280 Et
449 2237 539 2296 ipse
565 2244 631 2280 est
660 2236 897 2295 expectatio
930 2236 1135 2295 gentium.
1161 2255 1178 2276 ι
1209 2236 1306 2280 Plus
1349 2239 1454 2282 dixit

33 2308 47 2333 Ὺ
95 2323 224 2367 quam
239 2309 275 2352 si
293 2309 464 2352 dixisset
474 2324 488 2359 ;
502 2326 520 2348 ι
540 2308 685 2367 Ipsum
705 2315 933 2366 expectant
952 2315 1120 2364 gentes,
1140 2326 1157 2347 ι
1179 2311 1296 2366 quod
1315 2311 1454 2354 omnis

43 2400 49 2440 j
97 2394 191 2439 spes
210 2379 463 2423 Ecclesiaein
481 2379 572 2438 ipso
581 2379 816 2422 recumbat.
833 2378 935 2421 Ideo
950 2378 1108 2421 dicitur
1121 2378 1255 2437 Moysi
1275 2395 1317 2422 ε»
1329 2380 1453 2425 Solve

96 2467 115 2491 s
128 2451 464 2494 calceamentum
483 2451 643 2509 pedum
662 2447 903 2499 tuorum²,·
922 2464 978 2492 ne
996 2448 1087 2507 ipse
1106 2464 1286 2508 sponsus
1308 2451 1454 2495 Eccle-

99 2521 171 2565 siae
191 2522 438 2566 crederetur
450 2554 464 2572 ,
483 2522 556 2580 qni
578 2523 665 2566 dux
684 2521 819 2582 plebis
839 2520 1086 2579 eligebatur.
1112 2521 1214 2565 Ideo
1234 2523 1358 2567 solvit
1377 2525 1459 2568 cal-

2 2607 3 2610 ’
80 2636 84 2638 ,
145 2613 715 2661 ιΡωΙ.ρυ,δ.-·Βιοᾱ.ιιι,5.
