1780 3120
364 265 448 295 212
913 254 944 280 s.
984 251 1175 280 aunaosn

361 341 488 383 etiam
512 335 644 378 aliena
666 330 916 375 vestimenta
941 335 1205 377 servantem,
1240 340 1334 384 quoe
1364 325 1508 370 omnia
1529 326 1726 390 amiserat

358 405 564 452 velamina
583 401 783 447 castitatis
811 415 821 442 :
851 400 970 443 illum
994 397 1093 441 satis
1115 404 1332 448 ornatum,
1354 397 1455 441 satis
1471 388 1723 450 defensum,

360 477 483 534 cujus
504 489 584 526 vox
614 487 700 516 non
726 469 997 528 audiebatur,
1021 475 1064 511 et
1090 467 1333 512 innoc—entia
1360 468 1628 527 loquebatur.
1654 468 1726 514 Sic

357 548 550 592 Susanna
580 552 725 604 postea
752 544 854 585 dum
882 548 995 584 tacet
1022 538 1277 597 injudicio,
1304 537 1455 587 melius
1487 540 1729 584 locutaest

359 617 556 666 oracu103
580 624 623 659 et
645 615 739 671 ideo
759 612 981 672 Prophetae
1002 610 1160 658 meruit
1179 610 1493 670 defensionem,
1515 614 1610 670 quae
1626 626 1730 671 pro-‚-

358 688 462 748 priae
484 686 599 731 vocis
622 700 707 728 non
741 682 932 742 quaesivit
959 681 1174 725 auxilium.
1203 681 1330 725 Illum
1360 696 1463 740 ergo
1492 679 1730 732 beatiorem

357 759 556 807 dixerim,
588 771 686 799 cnm
716 755 760 798 in
792 763 1009 798 carcerem
1038 752 1305 803 mitteretur,
1323 752 1429 811 >quia
1450 752 1622 796 subibat
1649 767 1728 812 pro

358 828 552 872 castitate
580 825 846 884 martyrium.
882 824 1051 868 Bonum
1080 823 1196 867 enim
1225 838 1383 867 munus
1399 822 1632 882 pudicitia,
1656 821 1732 866 sed

355 898 533 943 minoris
549 897 691 940 meriti
714 910 812 939 cum
829 895 1068 954 periculum
1090 909 1178 939 non
1197 892 1363 939 habet.-
1380 894 1459 939 uhi
1478 909 1580 943 vero
1600 893 1730 938 etiam

358 969 505 1015 salutis
527 968 719 1027 periculo
742 966 1021 1020 defenditur,
1021 965 1080 1010 ihi
1096 966 1264 1026 plenius
1276 954 1525 1012 coronatur.

416 1040 597 1085 XXVII.
635 1037 831 1081 Inaudita
853 1051 996 1087 causa,
1016 1037 1279 1096 inexplorata
1299 1035 1384 1081 fide
1405 1036 1511 1088 veri,
1527 1044 1733 1095 tanquam

358 1122 457 1155 reus
485 1109 675 1153 criminis
703 1109 746 1152 in
767 1123 986 1151 carcerem
1005 1106 1168 1166 Joseph
1187 1107 1373 1151 mittitur
1391 1106 1624 1169 :sedeam
1644 1106 1735 1151 Do*

358 1182 500 1225 minus
517 1195 597 1223 nec
616 1180 658 1222 in
676 1194 846 1222 carcere
859 1177 1095 1223 deserebat.
1113 1177 1208 1221 Non
1221 1177 1450 1225 turben-tur
1464 1177 1730 1228 innocentem

359 1267 460 1295 cum
491 1250 605 1294 salsis
634 1249 885 1302 criminibus
907 1254 1190 1306 appetu-ntum
1224 1262 1326 1291 cum
1340 1262 1556 1308 --oppressa
1569 1246 1735 1306 justitia

364 1323 596 1365 truduntur
619 1320 660 1362 in
683 1334 911 1363 carcerem.
928 1317 1090 1362 ,visitat
1103 1317 1218 1362 Deus
1241 1317 1343 1361 etin
1361 1332 1534 1370 earcere
1549 1334 1672 1369 suos,-
1691 1325 1736 1362 et

361 1391 459 1435 ideo
491 1391 549 1434 ibi
580 1399 646 1433 est
672 1391 769 1449 plus
797 1389 963 1439 auxilii,
991 1388 1066 1431 ubi
1097 1397 1162 1432 est
1182 1389 1277 1448 plus
1297 1388 1492 1448 periculi.
1519 1388 1612 1443 ¹Sed
1628 1389 1735 1447 quid

358 1461 516 1504 mirum
535 1461 568 1502 si
589 1461 728 1503 visitat
757 1459 951 1517 Christus
970 1459 1014 1502 in
1036 1474 1209 1503 carcere
1230 1458 1414 1518 positos,
1437 1458 1572 1517 quise
1594 1457 1736 1518 ipsum

359 1532 403 1576 in
424 1532 509 1575 suis
530 1531 573 1574 in
594 1545 768 1574 carcere
789 1530 1007 1582 inclusum
1035 1546 1128 1574 esse
1155 1529 1407 1574 memoravit
1418 1552 1435 1580 ·.·
1461 1528 1575 1581 siout
1591 1526 1739 1579 habe}

359 1603 566 1661 scriptum
586 1618 595 1643 :
621 1619 637 1641 α
653 1602 702 1644 In
726 1615 900 1645 carcere
930 1616 1072 1651 eram,
1104 1609 1147 1645 et
1172 1615 1260 1644 non
1287 1599 1462 1644 venistis
1475 1613 1481 1649 ζ
1494 1600 1549 1644 ad
1567 1591 1728 1650 mota)-

363 1672 461 1726 Quo
478 1687 562 1715 non
578 1678 775 1730 penetrat
791 1670 933 1731 divina
954 1669 1280 1715 misericordia?
1300 1669 1466 1731 Invenit
1478 1668 1643 1728 «Ioseph
1653 1667 1739 1722 ,kiu-

363 1742 553 1801 jusmodi
575 1741 770 1802 gratiam,
798 1749 847 1799 ut
868 1742 940 1800 qui
959 1741 1097 1786 fuerat
1119 1743 1286 1786 clausus
1299 1741 1342 1785 in
1357 1740 1744 1801 carcerejpsepo-

364 1813 449 1856 tius
466 1813 645 1857 carceris
663 1814 847 1869 claustra
864 1821 1074 1865 servaret,
1088 1814 1346 1858 concederet
1359 1827 1538 1862 munere
1554 1809 1739 1855 clavicu-

363 1884 517 1934 larius,
547 1884 733 1927 inclusos
756 1898 905 1928 omnes
927 1884 1125 1943 potestati
1141 1884 1235 1943 ejus
1257 1882 1739 1940 committeret-ltaque

368 1953 528 2013 Joseph
546 1969 632 1998 non
647 1955 787 1998 solum
803 1969 1022 1999 carcerem
1038 1970 1126 1999 non
1147 1953 1377 2007 sentiebat,
1399 1954 1477 2000 sed
1488 1951 1619 1998 etiam
1633 1951 1737 1997 alios

366 2040 534 2085 quoque
554 2025 736 2070 carceris
756 2026 924 2071 levabat
945 2041 1152 2072 aerumna.

415 2117 427 2140 ¹
452 2117 572 2152 Matth.
591 2129 667 2161 xxv,
682 2118 738 2158 43.
