1780 3120
351 281 405 310 ιιιι
435 278 562 308 neon
594 277 650 307 ιτ
682 276 784 307 vm
816 278 974 307 ιιιιιτι.
1014 279 1095 308 nn.
1135 281 1163 310 1.
1365 265 1446 319 143

77 361 219 407 teht-a.
247 358 302 403 Et
322 358 415 402 ideo
436 355 646 400 Dominus
666 354 807 416 primo
821 354 964 416 legem
980 357 1114 407 dedit,
1137 357 1207 400 cui
1228 372 1348 402 mens
1364 358 1447 403 ho-

77 419 204 477 minis
225 444 314 474 sese
335 430 389 472 ad
413 419 797 486 obtemperandum
821 422 955 477 dedit,
979 434 1023 471 et
1050 428 1089 471 ei
1112 428 1267 473 servire
1288 430 1444 490 coepit,

76 512 127 547 ut
149 510 258 546 esset
278 499 473 543 subdita:
498 499 574 542 sed
594 511 693 542 caro
718 496 913 557 subjecta
931 514 1018 545 non
1039 505 1153 551 crat3
1173 499 1270 559 quia
1286 502 1447 561 sapien·

78 572 138 616 tia
158 571 297 616 camis
322 585 408 613 non
430 577 494 613 cst
513 568 615 628 Legi
628 569 812 620 subdita,
833 578 877 613 et
888 570 1113 631 praeceptis
1132 569 1225 628 ejus
1242 587 1449 631 repugna·

72 643 166 687 bat.
218 643 311 687 Non
351 642 466 684 enim
506 648 673 700 poterat
713 641 860 684 virtuti
885 640 1107 692 wbedirffi
1144 641 1448 701 cupiditatibus

81 711 239 764 aedita,
253 722 297 757 et
309 712 533 756 lenociniis
546 711 1029 770 carnalibusimplicata.
1048 711 1152 757 Ideo
1167 713 1451 782 laborandum

81 793 162 833 est,
185 793 231 828 ut
247 779 468 828 teneamus
482 783 560 826 Dei
580 783 771 842 gratiam.
798 782 917 827 Mens
939 783 1082 841 itaque
1097 783 1226 834 bona,
1244 784 1278 827 si
1298 785 1454 830 rationi

78 854 308 899 intendat:
333 857 409 898 sed
433 869 587 914 parum
617 853 831 913 perfecta,
864 854 943 896 nisi
972 853 1127 900 haheat
1158 855 1451 914 gubernacula

81 925 256 969 Christi.
282 924 411 969 Venit
433 925 548 968 enim
569 925 778 992 Dominus
796 924 939 975 Jesus,
961 925 1034 985 qui
1049 933 1214 970 nostras
1236 927 1452 986 passiones

38 1026 42 1029 -
82 996 203 1040 cruci
223 1011 308 1038 suae
327 994 539 1054 affigeret,
561 1002 738 1055 peccata
762 993 940 1037 donaret
958 1010 969 1037 z
989 995 1033 1037 in
1057 995 1181 1054 cujus
1204 1006 1344 1040 morte
1367 998 1456 1055 jus-

80 1067 231 1111 tificati
243 1081 411 1116 sumus:
430 1074 478 1108 ut
495 1073 610 1109 totus
626 1067 811 1108 mundus
827 1065 920 1123 ejus
937 1067 1220 1119 mundaretur
1229 1069 1447 1128 sauguine.

81 1137 282 1196 Denique
298 1137 341 1179 in
360 1144 499 1179 morte
520 1136 648 1195 ipsius
669 1136 870 1196 baptizati
892 1152 1051 1179 sumus.

137 1205 298 1250 XVIII.
319 1205 382 1249 'Si
412 1206 540 1265 igitur
568 1207 612 1249 iu
634 1206 745 1249 illius
764 1216 903 1250 morte
927 1207 1199 1250 dimittuntur
1215 1209 1337 1252 nobis
1358 1226 1453 1269 pec-

78 1285 205 1327 cata,
235 1277 363 1320 etiam
390 1285 667 1336 peccatorum
695 1278 823 1321 nobis
853 1278 1070 1337 passiones
1106 1279 1151 1321 in
1178 1280 1288 1323 illius
1317 1290 1456 1324 morte

81 1349 335 1398 moriantur,
352 1348 464 1391 illius
481 1349 619 1391 crucis
642 1349 770 1392 clavis
788 1349 920 1393 affixae
944 1358 1183 1394 teneantur.
1209 1352 1314 1395 siin
1343 1352 1455 1397 illius

80 1427 224 1462 morte
242 1419 400 1465 mortui
417 1434 580 1468 sumus,
605 1419 709 1478 quid
731 1420 886 1463 iterum
904 1428 1107 1478 tanquam
1127 1421 1313 1466 viventes
1330 1423 1384 1467 ad
1405 1440 1456 1468 ea

77 1486 181 1548 ijuae
206 1487 305 1533 sunt
326 1490 542 1532 mundana
563 1489 849 1532 revocamur?
869 1489 987 1544 Quid
1005 1491 1129 1532 nobis
1152 1505 1252 1534 cum
1270 1493 1453 1537 elemen-

84 1560 141 1604 lis
173 1560 300 1618 hujus
329 1559 510 1603 mundi?
546 1559 663 1612 Quid
701 1575 800 1602 cum
831 1559 1169 1619 cupiditatibus?
1199 1562 1317 1614 Quid
1354 1578 1457 1614 cum

79 1631 252 1688 ’luxuria
273 1640 399 1692 atque
418 1630 588 1675 lascivia
610 1630 767 1688 quibus
789 1645 888 1672 cum
912 1629 1082 1673 Christo
1102 1632 1262 1676 mortui
1277 1635 1452 1677 sumus?

86 1701 218 1755 Quod
238 1702 272 1744 si
287 1698 418 1744 simus
432 1699 474 1742 iu
489 1700 658 1743 Christo
672 1700 846 1750 mortui,
864 1699 907 1742 in
929 1699 1098 1744 Christo
1116 1704 1423 1748 resurreximus
1439 1722 1452 1748 ε

79 1787 186 1816 cum
208 1771 375 1815 Christo
392 1771 521 1830 igitur
542 1786 762 1814 versemur
779 1786 791 1814 z
814 1785 914 1814 cum
931 1771 1100 1815 Christo
1119 1774 1336 1832 superiora
1353 1792 1449 1834 quae

83 1851 199 1893 sunt,
215 1858 302 1886 non
317 1857 411 1902 quae
422 1841 718 1901 corruptibilia
733 1850 776 1884 et
793 1849 961 1885 terrena
977 1858 1227 1901 quaeramus.
1251 1846 1446 1902 Christus

71 1929 303 1973 :resurgens
327 1929 350 1970 ιι
376 1913 553 1973 mortuis
575 1921 760 1956 veterem
785 1912 1006 1957 hominem
1022 1913 1196 1959 affixum
1212 1917 1331 1966 cruci
1351 1919 1449 1963 reli-

70 1985 189 2049 quit,
211 2000 377 2032 novum
385 1972 663 2049 resuscitavit.
690 1980 884 2027 Christus
904 1975 1001 2028 ideo
1019 1994 1214 2030 mortuus
1234 1996 1383 2050 estkut
1400 1993 1450 2035 et'

73 2072 158 2100 nos
182 2064 366 2116 peccato
391 2047 681 2107 moreremur,
712 2054 804 2108 Deo
829 2070 1161 2115 resurgeremus.
1191 2058 1357 2105 Mortua
1381 2070 1449 2105 est

65 2141 179 2187 -earo
198 2136 359 2177 nostra,
376 2123 505 2191 quid
503 2119 658 2170 iterum
680 2133 860 2196 peccato
882 2126 1030 2183 revivis
1014 2126 1123 2172 cit³
1146 2127 1264 2189 Quid
1283 2130 1446 2189 iterum

59 2206 251 2268 :peceato
266 2196 443 2242 obedit?
455 2179 571 2265 Quid
591 2191 747 2252 iterum
758 2202 983 2264 peccatum
995 2206 1154 2262 regunt
1169 2198 1212 2243 in
1225 2203 1432 2255 mortuis,

62 2283 177 2343 ιιιιιι
195 2284 310 2321 mors
330 2255 426 2312 finis
441 2262 607 2330 peccati
623 2267 708 2312 sit?
726 2266 882 2311 Mortui
902 2282 1051 2312 sumus
1075 2284 1226 2322 carne,
1244 2275 1453 2319 renovati

59 2329 223 2403 xs'umus
242 2325 415 2411 Spiritu.
431 2332 605 2401 Spiritu
631 2323 916 2393 ambulemus,
944 2338 1031 2397 qui
1031 2338 1250 2406 Spintum
1272 2342 1436 2397 Christi

67 2406 331 2474 accepimus.
329 2403 402 2471 δι
422 2406 564 2467 autem
580 2408 763 2481 Spiritus
779 2400 961 2470 Christi
949 2424 992 2452 ιιι
1005 2397 1145 2477 uobis,
1161 2419 1282 2478 ergo
1281 2415 1336 2460 sit
1354 2432 1430 2461 no.

71 2476 153 2542 bis
167 2497 290 2548 earo
286 2490 467 2529 mortua
492 2476 677 2547 Propter
694 2489 956 2555 peccatum:
982 2473 1164 2551 Sfftrttus
1189 2498 1290 2548 vero
1322 2487 1451 2549 yivat

57 2544 247 2614 propter
255 2535 626 2610 ᾗυειίῧὸείίοιιοω.

121 2620 250 2668 xlx.
279 2622 350 2666 Sic
360 2623 478 2681 quod
492 2631 581 2669 erat
600 2623 858 2684 impossibile
878 2622 997 2685 Legi,
1018 2625 1203 2674 solutum
1226 2639 1309 2684 est,
1332 2633 1430 2682 si'in

214 2707 279 2738 zv.
1227 2717 1282 2748 ιο
