1780 3120
345 327 431 355 200
899 323 930 351 S·
974 321 1162 351 ammom!

344 403 493 447 «Iustus
531 407 671 442 aulem
699 414 784 442 non
817 413 862 442 se
893 399 1046 442 avertit
1070 414 1093 442 a
1114 399 1321 450 Domino,
1344 403 1421 445 sed
1444 403 1633 449 occurrit
1653 407 1712 451 di-

344 489 447 516 cens
462 489 472 513 ε
490 488 507 511 ι
523 471 645 515 Oculi
661 470 746 514 mei
758 485 934 533 §emper
953 471 1008 514 ad
1022 470 1252 514 Dominum
1264 471 1296 516 ¹.
1311 491 1328 513 »
1341 473 1394 516 Et
1402 474 1544 520 Esaias
1555 477 1712 522 dicenti

341 543 555 590 Domino:
580 560 596 581 α
627 541 768 594 Quem
798 539 1025 585 mittam²P
1054 558 1071 581 υ
1091 548 1241 599 sponte
1272 557 1318 586 se
1346 543 1508 589 obtulit
1532 546 1708 595 dicens:

355 630 370 651 a
392 613 504 655 Ecce
525 627 616 670 ego.
642 612 723 654 »Et
754 610 941 669 Symeon
962 611 1200 670 expectavit
1224 620 1270 656 ut
1298 612 1463 659 videret
1490 615 1707 662 Christum

343 682 540 733 Domini,
564 691 607 725 et
627 691 902 741 posteaquam
918 682 1044 733 vidit,
1078 682 1280 740 quoniam
1311 686 1582 731 remissorem
1608 704 1715 747 pec<

344 761 542 795 catorum
559 762 580 803 ‚²
601 760 643 795 et
675 753 803 796 totius
835 753 985 796 mundi
1018 752 1181 796 viderat
1213 754 1566 816 Redemptorem,
1591 759 1711 817 quasi

343 825 507 867 levatus
535 841 556 867 a
580 833 782 883 peccato,
807 825 1003 884 poposcit
1025 826 1263 890 usne-arnis
1285 827 1413 887 hujus
1439 829 1621 881 absolvi,
1647 831 1715 875 di-

346 908 446 936 cens
472 911 481 936 :
508 913 524 934 «
545 895 689 945 Nunc,
718 896 928 946 Domine,
959 896 1127 940 dimitte
1155 907 1324 941 servum
1362 907 1484 943 tuum
1518 901 1711 960 in-pace,

338 982 359 1006 2>
373 965 573 1021 quoniam
594 965 911 1010 videruntoculi
930 967 1013 1012 mei
1031 967 1224 1012 Salutare
1238 977 1356 1013 tuum
1371 970 1402 1015 ³.
1416 990 1432 1011 ι»
1445 971 1712 1018 Etzachaeus

331 1035 447 1079 'hinc
470 1037 655 1095 primum
680 1053 765 1081 suae
787 1039 1107 1099 praerogativam
1126 1042 1508 1089 commendationis
1528 1043 1708 1095 invenit,

336 1109 460 1168 'quod
484 1109 525 1151 in
546 1110 740 1153 arborem
762 1118 810 1161 ut
838 1110 1054 1155 Christum
1077 1112 1264 1164 videret,
1290 1113 1491 1158 ascendit.
1511 1115 1622 1174 Ergo
1643 1114 1715 1158 Jo-

344 1179 448 1238 seph
467 1197 488 1223 a
505 1189 626 1239 patre
645 1182 796 1224 missus
816 1190 879 1224 est
896 1184 949 1226 ad
967 1181 1141 1233 fratres,
1162 1183 1212 1227 ab
1231 1181 1304 1226 illo'
1323 1185 1456 1243 magis
1470 1185 1618 1237 Patre,
1641 1186 1714 1244 qui

344 1252 518 1309 proprio
541 1252 648 1295 Filio
671 1268 756 1295 non
779 1252 994 1311 pepercit,
1024 1255 1098 1297 sed
1113 1269 1192 1313 pro
1216 1254 1338 1298 nobis
1352 1255 1558 1300 omnibus
1582 1255 1715 1300 tradi-

345 1320 407 1362 dit
428 1322 546 1364 illum
572 1340 583 1371 ;
609 1324 661 1366 ab
686 1324 756 1367 illo
778 1324 927 1375 Patre,
956 1325 1008 1367 de
1031 1340 1116 1383 quo
1136 1324 1341 1384 scriptum
1366 1334 1430 1369 est
1448 1341 1458 1368 :
1475 1344 1492 1366 «
1512 1325 1627 1370 Deus
1648 1326 1734 1385 Fi3

343 1390 478 1453 »lium
501 1409 624 1437 snum
649 1394 820 1438 mittens
838 1395 878 1437 in
897 1395 1218 1451 similitudinem
1240 1397 1378 1440 carnis
1393 1398 1559 1456 peccati
1573 1396 1604 1441 ⁴.
1628 1416 1644 1439 »

403 1464 458 1507 X.
497 1466 550 1508 Et
571 1466 741 1509 errabat
770 1466 956 1525 «loseph,
991 1467 1088 1524 quia
1118 1466 1268 1511 fratres
1294 1483 1392 1510 suos
1419 1467 1609 1512 invenire
1630 1482 1718 1512 non

344 1535 554 1591 poterat⁵.
583 1536 675 1578 Non
699 1537 911 1580 immerito
937 1538 1130 1588 errabat,
1159 1538 1232 1596 qui
1259 1539 1478 1596 quaerebat
1498 1547 1713 1589 errantes;

346 1619 418 1646 eos
452 1596 562 1648 cniin
597 1608 786 1666 agnoscit
815 1609 1024 1653 Dominus
1054 1610 1125 1668 qui
1153 1618 1253 1653 sunt
1283 1610 1427 1671 ipsius.
1458 1610 1652 1670 Denique
1671 1618 1716 1655 et

342 1673 466 1718 Jesns
483 1676 679 1736 fatigatus
695 1695 746 1721 ex
766 1678 916 1723 itinere
938 1681 1114 1724 sedebat
1135 1697 1261 1740 supra
1279 1691 1470 1740 putenm.
1488 1682 1717 1741 Fatigaha-

346 1752 439 1795 tur,
471 1747 568 1804 qnia
590 1763 675 1790 non
706 1748 948 1793 inveniebat
975 1751 1053 1794 Dei
1082 1753 1286 1810 populum
1311 1767 1439 1810 quem
1469 1753 1711 1810 quaerebat3

346 1815 506 1858 exierat
527 1832 711 1876 namque
737 1833 760 1861 a
790 1819 897 1862 facie
918 1819 1104 1864 Domini.
1134 1821 1220 1875 Qui
1247 1821 1363 1865 enim
1383 1823 1554 1881 culpam
1571 1823 1719 1881 sequi-

345 1892 440 1936 tur,
465 1888 550 1931 exit
578 1904 599 1931 a
623 1889 803 1933 Christo,
830 1891 1036 1935 Peccator
1057 1892 1169 1943 exit,
1193 1892 1331 1951 justiis
1352 1892 1494 1937 intrat.
1522 1893 1718 1952 Denique

342 1955 478 2000 Adam
507 1975 551 2002 se
573 1969 775 2018 peccator
796 1962 1043 2012 abscondit;
1074 1963 1211 2020 justus
1234 1972 1379 2010 autem
1400 1964 1503 2008 dicit
1523 1965 1717 2015 :chntret

343 2044 361 2068 a
376 2030 509 2072 oratio
530 2047 624 2074 mea
647 2032 689 2074 in
707 2042 941 2091 conspectu
957 2033 1076 2078 tu0⁶.
1098 2053 1115 2075 »

399 2099 475 2142 XI.
499 2101 665 2144 Invenit
686 2111 827 2145 antem
845 2103 1005 2163 «Ioseph
1020 2105 1171 2149 fraires
1186 2122 1284 2153 suos
1301 2107 1344 2151 in
1360 2108 1582 2160 Dothai'm,
1599 2110 1716 2168 quod

344 2169 556 2226 significat
578 2171 874 2216 desectionem.
901 2174 982 2217 Ubi
1004 2184 1068 2219 est
1083 2176 1205 2232 enim·
1221 2178 1299 2221 nisi
1321 2178 1364 2221 in
1389 2178 1626 2226 desectione
1640 2179 1715 2238 qui

341 2237 479 2284 Deum
503 2241 691 2284 deserit?
712 2243 799 2287 Nee
821 2244 977 2287 mirum
1004 2245 1038 2290 si
1056 2246 1336 2299 deficiebant,
1360 2250 1433 2308 qui
1459 2264 1547 2300 non
1573 2250 1716 2295 audie-

344 2310 448 2354 bant
476 2313 690 2355 dicentem
719 2329 762 2355 :a
788 2312 941 2359 Venite
963 2316 1017 2360 ad
1043 2332 1112 2361 me
1142 2313 1290 2363 omnes
1318 2320 1391 2379 qui
1418 2321 1643 2371 laboratis,
1670 2329 1715 2367 et

343 2399 361 2422 J>
376 2383 538 2425 onerati
564 2383 686 2435 estis,
710 2393 753 2428 et
772 2401 851 2445 ego
869 2402 943 2432 vos
963 2387 1152 2433 reficiam
1168 2389 1199 2434 ⁷.
1221 2410 1237 2431 n
1252 2391 1379 2436 Venit
1404 2391 1532 2451 igitur
1551 2390 1713 2451 «Ioseph

341 2452 386 2495 in
412 2453 613 2497 Dotha‘im
634 2472 676 2499 z«
697 2457 749 2500 Et
771 2459 1056 2516 praeviderunt
1078 2477 1176 2505 eum
1205 2463 1257 2506 de
1285 2464 1411 2523 longe
1441 2463 1710 2514 vem'eutem‚

341 2531 600 2582 »antequam
628 2528 894 2587 appropiaret
914 2531 967 2575 ad
995 2531 1111 2584 illos,
1135 2527 1179 2577 et
1199 2533 1500 2585 insaeviebant,
1523 2541 1573 2578 ut
1593 2532 1712 2578 ooci÷

373 2634 397 2655 ,¹
418 2626 503 2661 Psal.
520 2638 611 2670 xxiv,
629 2630 680 2663 15.
697 2647 739 2656 ·—
759 2641 772 2657 ⁸
791 2633 871 2667 Isai‘.
885 2633 972 2672 vi,8.
988 2652 1028 2662 -—
1043 2637 1059 2662 ³
1074 2637 1153 2672 Luc.
1171 2649 1211 2679 n,
1233 2639 1287 2674 5ο.
1311 2639 1367 2672 5ι.
1386 2656 1428 2665 —-
1442 2640 1457 2668 ⁴
1477 2639 1572 2672 Rom.
1587 2645 1661 2678 Vssli
1677 2616 1709 2671 ἑ·

341 2696 383 2706 ·-
398 2681 413 2704 ⁶
430 2681 514 2714 Gen.
537 2694 665 2727 xuvu,
683 2685 732 2720 15.
746 2705 788 2713 -
804 2689 819 2711 ⁶
836 2689 918 2723 Psal.
937 2699 1085 2730 uxxvn,
1100 2691 1131 2726 ὅ.
1153 2711 1193 2718 -
1209 2699 1219 2720 ⁷
1234 2693 1357 2729 Mania.
1373 2705 1420 2733 xi,
1438 2693 1491 2728 28.
