1780 3120
363 239 446 285 27²
909 234 941 263 s.
982 231 1171 263 Aninnosn

359 317 542 375 quodam
563 321 715 356 nostrae
732 312 879 355 animm
896 325 1055 354 cornua
1074 311 1286 369 pullulare
1306 311 1531 370 coeperint,
1549 325 1719 372 proees-

361 402 452 429 sum
483 384 679 427 videntur
707 382 967 441 perfectioris
997 380 1236 439 significare
1262 380 1430 425 virtutis
1451 415 1462 432 ,
1493 391 1536 426 et
1571 383 1720 426 tandiu

362 462 573 504 crescunt,
598 454 787 512 quandiu
808 453 1116 510 compleantur.
1148 452 1239 494 Hoc
1263 465 1398 507 cornu
1416 453 1624 499 Dominus
1645 454 1721 498 Je-

361 541 430 569 sus
452 524 703 568 comminuit
729 531 887 582 gentes,
914 530 962 564 ut
986 521 1330 579 superstitionem
1355 523 1584 575 obtereret,
1609 526 1721 568 salu—

364 605 449 638 tem
474 596 687 644 redderet,
715 594 826 636 sicut
855 592 943 651 ipse
969 592 1061 634 ait:
1087 609 1104 631 α
1120 592 1383 643 Percutiam,
1412 602 1455 637 et
1476 594 1672 639 sambo‘.
1693 614 1711 637 »

363 667 546 724 Ideoque
577 675 776 723 tanquam
806 663 993 707 imitator
1029 663 1139 706 tauri
1172 663 1299 722 hujus
1336 665 1547 724 Propheta
1580 667 1718 710 dicit:

375 738 456 780 «In
487 745 529 779 te
560 736 752 779 inimicos
784 743 948 778 nostros
984 725 1282 778 ventilabimus
1310 735 1497 787 cornu²,
1517 754 1533 778 ιι
1564 736 1609 781 id
1630 746 1718 788 est,

365 807 630 851 altitudinem
657 821 827 848 omnem
854 807 1088 848 elevantem
1112 821 1155 848 se
1178 807 1376 850 adversus
1407 806 1484 850 Dei
1503 807 1722 850 scientiam

363 880 637 929 destruentes.
662 876 714 919 Et
737 876 832 918 ideo
847 875 964 933 juxta
986 875 1143 935 Legem
1165 879 1324 921 munda
1347 877 1542 921 animalia
1564 893 1723 923 cornua

361 935 544 990 habent³
574 962 583 989 :
608 946 695 989 Lex
722 946 836 989 enim
867 945 1062 1005 spiritalis
1093 955 1167 989 est.
1201 947 1286 1000 Qui
1313 948 1428 991 enim
1454 958 1724 1007 possunt-ste-

362 1018 447 1061 culi
479 1017 606 1076 hujus
641 1018 859 1060 illecebras
889 1017 1019 1060 verbo
1054 1017 1149 1067 Dei,
1183 1026 1226 1060 et
1260 1018 1426 1062 virtutis
1457 1019 1723 1063 observantia

361 1091 624 1148 propulsare,
662 1088 861 1131 cornibus
895 1089 1008 1130 velut
1039 1088 1295 1145 quibusdam
1330 1089 1478 1148 capitis
1502 1090 1566 1132 sui
1598 1090 1747 1133 armis'

361 1158 556 1203 videntur
591 1174 680 1201 esse
715 1158 878 1201 muniti.
914 1158 1149 1216 Meritoque
1184 1167 1227 1201 et
1251 1159 1354 1202 tuba
1383 1174 1537 1203 cornea
1569 1160 1725 1205 dicitur

363 1229 495 1273 virtus
521 1228 724 1271 sermonis
745 1228 991 1278 mirabilis⁴,
1017 1244 1110 1287 quae
1136 1229 1272 1272 honos
1295 1230 1452 1274 Christi
1474 1231 1629 1275 milites
1652 1247 1725 1275 ac-

366 1300 508 1343 cendit
525 1300 577 1343 ad
593 1299 800 1358 praelium,
825 1307 873 1342 ut
891 1301 942 1342 de
963 1300 1084 1343 hoste
1106 1300 1274 1345 diabolo
1295 1302 1518 1346 manubias
1539 1310 1725 1362 reporte-

361 1387 467 1415 mus.
496 1372 543 1413 In
566 1371 654 1413 acie
678 1370 804 1429 igitur
825 1386 970 1414 sumus
985 1404 996 1421 ‚
1022 1381 1064 1414 et
1084 1373 1289 1431 plurimos
1315 1389 1367 1417 ex
1387 1372 1510 1417 nobis
1532 1374 1724 1418 videmus

362 1444 403 1486 in
429 1442 652 1485 adversarii
681 1442 827 1485 castris
852 1458 942 1485 esse
971 1443 1158 1501 captivos
1179 1459 1189 1487 ι
1213 1444 1257 1487 hi
1285 1445 1407 1488 uobis
1429 1445 1530 1505 jugo
1565 1446 1725 1506 gravis-

360 1514 466 1558 simo
491 1513 700 1558 servitutis
722 1513 904 1556 exuendi
927 1521 1040 1557 sunt.

361 1682 480 1696 §nt—m
487 1683 725 1696 sumtum
735 1683 1223 1697 mmzmmssmmss=m
1231 1685 1538 1699 wwuntxmstn
1545 1685 1728 1701 §mu-tm
1746 1689 1749 1692 ⁴

837 1779 839 1781 ’
883 1802 1061 1847 CAPUT
1093 1803 1189 1847 xn.

362 1943 424 1987 De
447 1942 740 1986 benedictione
758 1940 1017 2001 Bonjamm,
1046 1959 1134 2000 qua
1156 1943 1337 2003 mystice
1357 1943 1492 1986 Pauli
1507 1942 1720 1986 adversus

417 2014 660 2056 Ecclesiam
677 2015 943 2071 persecutio,
968 2030 1047 2056 nec
1075 2031 1164 2058 non
1192 2015 1391 2073 ejusdem
1410 2014 1636 2058 convenio
1655 2023 1719 2057 at-

416 2099 497 2140 quo
515 2084 777 2141 praedicatio
792 2083 1126 2144 significantur.

412 2218 535 2262 LVII.
570 2219 774 2264 nummos
805 2221 927 2280 lupos
961 2222 1090 2265 habet
1113 2222 1330 2274 diabolus,
1353 2238 1459 2282 quos
1486 2224 1540 2268 ad
1558 2222 1716 2270 Christi

358 2306 455 2334 oves
479 2290 643 2348 dirigit;
669 2299 712 2334 et
732 2292 826 2336 ideo
849 2292 1123 2352 intelligibilis
1144 2294 1320 2354 Joseph,
1345 2304 1393 2338 ut
1412 2311 1510 2339 oves
1531 2303 1716 2340 servaret

356 2354 466 2411 suas,
494 2361 631 2419 ipsum
657 2362 876 2406 inimicum
903 2364 1144 2408 venientem
1166 2367 1217 2409 ad
1246 2366 1508 2425 diripiendas,
1527 2381 1626 2413 oves
1651 2381 1715 2412 ra<

353 2432 444 2491 puit
462 2433 609 2489 lupum
628 2431 822 2484 Paulum,
846 2435 1004 2478 faciens
1025 2452 1076 2479 ex
1091 2446 1363 2496 persecutore
1384 2439 1622 2500 doctorem.
1649 2436 1716 2499 De)

398 2542 407 2557 ¹
440 2534 534 2618 Desut.
553 2543 660 2572 mxu,
685 2534 742 2585 39.
761 2551 800 2562 -ο-
817 2544 832 2561 ·
852 2537 935 2585 Psal.
956 2549 1052 2575 nun.
1073 2540 1107 2572 6.
1127 2559 1182 2574 .—
1208 2542 1222 2565 ³
1239 2541 1335 2574 Deut-
1353 2540 1468 2582 Χινμί,
1486 2540 1516 2572 5.
1537 2556 1576 2564 —-
1594 2537 1709 2576 ,⁴.Psat.

350 2598 438 2622 {GVH
455 2611 462 2624 ,
502 2609 511 2619 ι
