1780 3120
339 321 424 374 356
579 311 583 316 ⁵
728 308 731 315 ¹
767 298 787 310 ¹*
883 333 916 363 s.
955 327 1146 363 innuosa

337 434 414 463 suo
443 412 632 477 ponereti
675 409 960 472 Cogitationes
990 419 1138 456 vestrae
1175 406 1463 453 confiteantur
1497 395 1700 454 Dominae

336 490 432 535 Non
454 485 603 531 dicatis
622 500 631 528 :
648 502 665 526 «
681 484 775 529 Non
791 482 1072 543 peccavimus.
1096 499 1113 522 >2
1133 479 1249 525 Dixit
1263 480 1442 524 Paulus:
1459 496 1476 519 α
1489 478 1577 522 Etsi
1596 478 1702 524 nihil

334 559 471 605 „mihi
501 556 697 602 conscius
731 570 847 605 sum,
870 573 886 595 »
911 553 1073 597 addidit
1104 559 1247 594 tamen
1269 565 1279 593 ε
1307 567 1324 590 «
1341 549 1427 594 Sed
1445 563 1532 592 non
1553 548 1598 592 in
1617 548 1705 592 hoe

335 650 353 672 a
365 628 620 690 justificatus
639 625 774 670 sum'.
791 644 807 666 n
820 625 873 669 Et
887 639 960 668 vos
982 622 1148 667 etiamsi
1164 620 1271 664 nihil
1286 620 1385 664 estis
1401 619 1584 671 conscii,
1604 633 1704 664 con-

333 700 515 755 fitemini
535 708 678 743 tamen
704 696 910 746 Domino,
942 711 997 739 ne
1019 693 1123 753 quid
1144 693 1197 736 sit
1223 693 1339 750 quod
1359 707 1433 735 vos
1460 698 1701 751 praetereat.⁸

332 772 502 816 Etenim
533 770 605 829 qui
633 767 862 812 confitetur
882 766 1136 816 Dominum,
1156 772 1199 808 et
1219 763 1418 822 reliquias
1438 761 1703 821 cogitationis

332 840 574 886 adhibuerit
592 840 643 883 ad
659 836 1013 887 confessionem2,
1034 836 1147 879 diem
1169 835 1326 878 festum
1347 832 1501 891 mentis
1517 832 1704 883 celebra-

329 913 395 956 bit
417 925 598 960 arcano,
616 918 659 953 et
674 908 919 969 epulabitur
938 925 954 948 «
971 907 1093 952 Non
1082 922 1126 949 111
1142 905 1352 950 fermento
1373 903 1557 954 malitiae
1565 909 1608 947 et
1631 917 1703 946 ne-
1740 905 1744 909 ’

330 1002 347 1023 n
361 982 524 1041 quitiae3
549 980 653 1043 sed
643 996 687 1023 m
714 979 872 1038 azymis
896 977 1147 1022 sinceritatis
1161 985 1205 1020 et
1226 975 1459 1021 veritatis.
1427 974 1440 997 ⁸

388 1052 560 1106 LXVII.
597 1053 745 1109 Itaque
778 1051 821 1094 in
851 1049 1128 1093 conclusione
1156 1061 1390 1099 conversus
1418 993 1496 1090 ad,
1501 1060 1576 1088 vos
1595 1044 1701 1090 Pro·-

331 1125 462 1183 pheta
484 1123 621 1166 dicit.
645 1140 661 1162 α
678 1121 834 1170 Orate,
861 1128 905 1163 et
930 1120 1095 1163 reddite
1122 1118 1307 1175 Domino
1331 1119 1425 1161 Deo
1445 1114 1620 1163 vestros}
1633 1147 1646 1166 ‚
1673 1133 1691 1156 »

332 1195 376 1240 id
397 1201 486 1236 est:
512 1192 669 1237 Nolite
679 1190 966 1245 dissimulare,
992 1190 1165 1239 divites,
1191 1189 1281 1232 dies
1303 1188 1457 1243 instat,
1476 1194 1598 1246 orate
1623 1200 1711 1249 ΡιὈΔ

331 1263 518 1323 peccatis
533 1262 697 1310 vestris,
712 1260 878 1303 reddite
891 1275 972 1320 pro
984 1258 1203 1323 beneficiis
1217 1273 1310 1316 quae
1323 1241 1489 1319 habetis
1504 1269 1699 1319 munera.

332 1335 423 1377 Ab
413 1349 503 1396 ipso
521 1331 743 1389 accepistis
758 1330 875 1389 quod
889 1330 1105 1373 offeratis:
1124 1329 1253 1387 ipsius
1267 1327 1461 1387 estquod
1477 1343 1516 1370 el
1504 1314 1699 1371 solvitis.

344 1420 361 1441 α
380 1392 525 1462 Dona,
549 1400 708 1456 inquit,
731 1414 849 1447 mea,
877 1408 920 1442 et
947 1401 1044 1441 data
1070 1413 1192 1447 mea,
1216 1398 1300 1439 hoc
1316 1405 1402 1448 est,
1424 1411 1534 1459 quae
1543 1395 1706 1460 offertis

331 1487 347 1507 ι)
354 1455 602 1515 mihidona,
614 1469 942 1513 datasuntmea:
952 1481 1030 1523 ego
1044 1480 1091 1507 ea
1105 1456 1332 1509 dedivobis
1343 1465 1670 1532 atquedoqavl
1658 1483 1719 1527 a!

330 1535 524 1591 Denique
534 1535 747 1592 Propheta
759 1535 846 1577 ait:
865 1553 881 1574 α
898 1525 1119 1578 Bonorum
1133 1551 1329 1578 meorum
1341 1551 1428 1579 non
1442 1535 1661 1595 indiges,
1679 1554 1696 1576 n

332 1606 427 1648 ideo
442 1613 517 1665 tua
530 1603 994 1665 tibioffero,quo11iam
1011 1605 1120 1649 nihil
1137 1607 1275 1649 habeo
1288 1607 1411 1669 quod
1425 1621 1512 1649 non
1535 1605 1700 1665 dedisti.

330 1676 457 1720 Fides
474 1684 536 1719 est
550 1691 642 1733 quae
661 1659 769 1718 dona
783 1677 1001 1726 conciliat,
1017 1676 1236 1720 humilitas
1248 1686 1312 1720 est
1327 1692 1420 1735 quae
1433 1677 1574 1721 oblata
1593 1691 1708 1720 com-

329 1747 518 1790 mendat.
545 1745 651 1788 Fide
673 1746 782 1789 Abel
803 1746 1033 1805 plurimam
1054 1747 1238 1791 hostiam
1261 1748 1417 1791 obtulit
1437 1747 1555 1790 Deo:
1580 1762 1708 1806 super

329 1816 435 1860 Cain
457 1815 596 1858 fratris
616 1831 793 1858 munera
823 1817 990 1875 placuit
1020 1833 1176 1861 munus
1198 1819 1333 1869 Abel,
1360 1818 1458 1877 quia
1481 1817 1565 1861 [ide
1586 1817 1701 1862 vicit.

328 1887 439 1930 Nam
462 1889 576 1930 unde
599 1887 798 1946 pauperis
831 1888 970 1932 hostia
1005 1890 1162 1949 magis,
1201 1906 1329 1948 quam
1364 1889 1503 1939 divitis
1536 1890 1708 1956 placet?

333 1957 445 2010 Quia
478 1973 639 2017 pauper
674 1957 760 2003 fide
796 1959 923 2002 ditior
959 1968 1044 2010 est,
1083 1961 1322 2025 sobrietate
1344 1961 1637 2027 locupletior
1643 1970 1708 2004 et

332 2045 432 2073 cum
455 2029 508 2073 sit
527 2045 707 2088 pauper,
732 2045 784 2073 ex
802 2030 888 2122 iyllis
906 2039 969 2074 est
993 2033 1046 2074 de
1068 2031 1223 2091 quibus
1242 2016 1430 2092 dicitur.
1457 2050 1474 2072 α
1488 2015 1596 2092 Tibi
1595 2020 1708 2101 ,offe-

330 2119 347 2141 z>
361 2108 457 2143 rent
476 2115 594 2158 reges
615 2101 822 2143 munera⁷
830 2132 841 2145 .
866 2119 881 2142 υ
895 2102 990 2145 Non
1008 2103 1121 2145 enim
1139 2103 1386 2169 purpuratis
1401 2090 1702 2157 offelentibus,

330 2172 404 2214 sed
429 2179 571 2214 motus
591 2161 787 2230 proprios
811 2173 1056 2233 regentibus
1077 2173 1286 2217 Dominus
1307 2172 1432 2229 Jesus
1450 2174 1701 2238 delectatur,

333 2242 405 2299 qui
429 2242 638 2300 corporali
663 2243 807 2285 lascn
785 2259 846 2285 1ae
868 2244 1023 2287 mentis
1045 2243 1357 2287 dominentur‘
1345 2244 1541 2303 imperio.
1574 2243 1703 2288 Orate

333 2327 455 2370 ergo,
475 2311 648 2373 divites!
669 2312 763 2356 Non
779 2313 971 2356 habetis
961 2330 1003 2356 m
1021 2315 1221 2373 operibus
1242 2314 1358 2372 quod
1373 2315 1568 2379 placeat.
1573 2310 1703 2358 Orate
1779 2349 1780 2354 ,

334 2397 413 2441 pro
430 2381 615 2440 peccatis
631 2383 779 2425 vostris
802 2392 927 2442 atque
942 2383 1137 2443 flagitiis,
1163 2393 1205 2427 et
1227 2384 1393 2431 reddite
1411 2383 1594 2447 Domino
1612 2382 1702 2441 Deo

335 2461 475 2497 vestro
497 2468 687 2495 munera.
715 2453 928 2497 Reddite·
917 2471 960 2498 in
983 2461 1198 2515 paupere,·
1220 2455 1263 2498 in
1291 2470 1427 2515 egeno
1457 2443 1632 2504 solvite-2
1657 2453 1712 2516 in⁴

336 2524 447 2568 illo
436 2539 562 2608 inope
592 2523 817 2575 foenerate,
841 2541 967 2583 quem
989 2528 1159 2584 placare
1181 2534 1362 2586 propter
1390 2534 1525 2572 vestra
1543 2509 1715 2583 flagitia·

380 2627 811 2666 ¹1Cor.1V,4.-²s.Pal
835 2639 928 2666 mxxv
948 2639 997 2664 u
1015 2627 1517 2671 —310012v‚8.-⁸rsal
1535 2638 1629 2672 mxv,
1647 2637 1713 2668 ια.

335 2701 376 2711 ,-
391 2683 402 2703 ⁵
422 2693 431 2714 ι
450 2681 560 2731 ΡεςὲΙ,
582 2693 671 2716 xxix.
695 2682 741 2720 ²4·
755 2701 794 2707 «-
808 2683 823 2706 ⁶
841 2682 925 2717 Psat.
941 2694 995 2726 xv,
1015 2695 1045 2718 a.
1059 2703 1089 2709 ψ
1116 2691 1126 2715 7
1146 2684 1196 2719 ld.
1213 2685 1383 2733 nnus-30)
