1780 3120
348 252 429 279 120
883 246 925 287 Β(
957 245 1148 283 ΔΜΒΒΟΒΠ

374 287 396 309 ί·
412 301 419 307 .
444 298 449 305 ι
1104 289 1106 292 ’

343 328 507 376 mundi,
534 325 792 368 abscondere
813 324 942 366 vitam
959 323 1000 365 in
1018 324 1128 371 Deo,
1152 321 1367 365 declinare
1382 324 1705 383 corruptiones,

342 413 427 440 non
451 395 695 439 attaminare
712 394 984 452 cupiditates,
1001 393 1164 435 nescire
1174 407 1267 450 quae
1285 401 1383 436 sunt
1400 387 1728 447 munilisisiit‘isss'

343 467 413 524 qui
438 465 557 508 nobis
583 465 715 507 varios
736 464 865 522 gignit
888 465 1077 521 dolores,
1101 463 1310 529 exinanit,
1335 479 1433 507 cum
1454 467 1704 525 repleverit,

344 552 441 579 cum
466 532 758 583 exinaniverit,
778 530 932 593 repletss*
947 533 1000 576 Et
1015 533 1105 576 haze
1122 534 1260 576 onmia
1279 534 1418 579 inania
1440 544 1483 579 et
1497 537 1707 589 vacua,'in

346 607 499 664 quibus
529 607 668 648 nullus
700 605 857 648 solidus
881 613 944 647 est
970 605 1146 646 fructus.
1182 605 1374 648 Mortuus
1401 613 1466 649 est
1495 607 1632 661 dives,
1665 616 1717 660 et,

344 677 448 724 nihi}
470 677 621 725 haben
641 675 735 733 quia
754 691 838 726 non
860 671 951 718 est
941 690 982 717 m
993 675 1129 717 Deum
1149 674 1292 726 dives;
1316 685 1359 719 et
1370 676 1470 720 ideo
1487 670 1728 737 insipiens‚‘

346 748 442 805 quia
457 749 657 807 sapientia
677 751 841 793 cultura
864 754 927 789 est
943 745 1037 796 Dei,
1059 743 1270 827 abstinere
1288 755 1429 790 autem
1446 762 1470 822 a
1490 748 1612 791 malis
1628 747 1715 792 dis-

349 818 506 876 ciplina
530 827 604 862 est.
1152 831 1156 832 ⁷
1362 822 1367 829 ”
1412 832 1414 834 ·
1616 825 1618 832 “

400 887 608 931 XXXIX.
650 886 754 939 Quis
775 902 874 945 ergo
905 901 990 929 non
1014 886 1146 945 fugiat
1171 887 1342 931 malitiae
1372 888 1515 932 locum
1531 880 1712 946 ,offici-

346 971 443 1000 nam
481 959 762 1016 improbitatis
785 991 795 1008 ,
834 973 928 1015 qua:
961 952 1134 1001 interire
1167 956 1590 1018 nesciatiDenique
1611 950 1709 1004 ‘non

346 1028 477 1071 otiose
498 1030 662 1088 signum
686 1029 868 1088 positum
891 1037 954 1071 est
980 1044 1105 1087 supra
1128 1029 1232 1071 Ca'in
1248 1062 1260 1079 ‚
1280 1045 1335 1072 ne
1357 1030 1450 1088 quis
1470 1037 1571 1074 eum
1593 1030 1711 1073 occi-

349 1100 467 1142 deret
484 1118 495 1150 ;
517 1109 564 1143 ut
583 1100 891 1159 significaretur
912 1099 1027 1157 quod
1044 1101 1418 1159 non'extinguatur
1438 1109 1482 1144 et
1496 1101 1712 1145 auferatur

347 1183 369 1212 a
392 1170 512 1212 terris
533 1171 702 1213 malitia.
729 1171 925 1213 Timebat
942 1169 1047 1212 Cain
1065 1186 1118 1214 ne
1140 1168 1425 1221 occideretur,
1448 1171 1547 1230 quia
1565 1172 1714 1231 sugere

344 1242 603 1285 nesciebat¹.
635 1242 826 1300 Augetur
847 1241 961 1284 enim
982 1250 1027 1284 et
1051 1243 1299 1285 cumulatur.
1315 1241 1405 1301 ipso
1426 1258 1506 1286 usu
1531 1235 1713 1294 malitia,

347 1319 390 1353 ct
409 1320 472 1354 est
497 1312 584 1355 sine
610 1312 900 1356 moderatione
915 1345 925 1361 ,
951 1312 1040 1355 sine
1063 1311 1170 1362 fine,
1199 1313 1297 1356 dolo
1315 1319 1367 1356 'et
1394 1313 1541 1357 fraude
1562 1303 1713 1357 decer->⁴

348 1396 471 1431 nens,
497 1388 588 1440 quie
611 1383 730 1426 sactis
751 1383 835 1426 suis
858 1383 1051 1442 proditur
1074 1392 1117 1426 et
1141 1384 1345 1442 sanguine
1364 1388 1682 1445 peremptor-uin
1697 1418 1715 1436 ,

350 1451 457 1495 sicut
474 1462 515 1496 et
530 1454 631 1515 Cain
649 1455 925 1513 proditusest.
954 1454 1152 1499 Versatur
1170 1454 1312 1512 itaque
1327 1455 1371 1497 in
1391 1456 1514 1506 limis
1530 1456 1706 1506 malitia,

350 1531 477 1580 atque
500 1524 590 1568 istic
612 1534 725 1577 crat;
750 1534 793 1569 et
819 1527 912 1569 ideo
933 1529 1133 1584 rogamus
1160 1527 1424 1570 voluntatem
1450 1526 1528 1570 Dei
1557 1515 1651 1570 fieri
1670 1527 1714 1570 in

348 1596 473 1637 terris
495 1595 603 1639 sicut
628 1606 670 1640 et
702 1598 743 1640 in
771 1597 887 1640 coelis
904 1597 917 1618 ²
934 1630 945 1647 ,
971 1606 1019 1640 ut
1039 1605 1082 1640 et
1102 1596 1172 1640 hic
1204 1597 1257 1640 sit
1281 1595 1535 1641 innocentia.
1566 1588 1719 1655 Itaque

349 1666 507 1709 malitia
536 1669 735 1725 quoniam
758 1668 841 1711 illic
873 1667 958 1725 jam
980 1669 1123 1711 locum
1148 1669 1234 1710 non
1266 1667 1417 1718 habet,
1439 1667 1511 1711 hie
1536 1668 1716 1719 circuit,

348 1735 416 1779 hic
435 1738 549 1781 saevit
563 1770 575 1787 ,
594 1753 767 1796 seseque
782 1738 961 1782 effundit
974 1771 986 1788 ,
1011 1754 1097 1782 non
1116 1740 1334 1782 mundano
1353 1739 1426 1782 isso
1442 1747 1576 1783 mersa
1601 1739 1714 1782 dilu-

348 1807 445 1856 vio,
480 1824 565 1851 non
598 1809 872 1853 Sodomitauo
899 1818 1045 1852 exusta
1078 1810 1289 1854 incendio.
1328 1803 1533 1868 Denique¹
1545 1799 1714 1869 gravius

347 1886 492 1934 postea
509 1879 550 1921 in
573 1880 804 1923 seminariis
827 1881 1074 1939 pullulavit,
1099 1896 1234 1939 usque
1256 1881 1302 1932 in⁴
1326 1878 1464 1940 ipsut'n
1485 1880 1718 1941 parricida-

342 1947 405 1989 les
436 1962 484 1990 ac
515 1950 735 2009 sacrilegas
766 1950 960 2009 injiciens
989 1966 1140 1994 manus
1173 1952 1469 1994 universorum
1484 1955 1713 1995 'auctorem

350 2023 509 2067 salutis.
540 2022 627 2066 Lex
651 2022 808 2065 sactum
841 2024 1050 2072 damnat,
1080 2037 1165 2065 non
1193 2022 1330 2065 aufert
1360 2022 1592 2066 malitiam.
1590 2014 1594 2018 ’
1619 2023 1719 2081 lpse

341 2092 550 2137 Dominus
569 2093 693 2136 Jesus
716 2102 940 2151 peccatum
964 2093 1199 2142 damnavit,
1217 2101 1439 2136 auctorem
1460 2089 1553 2164 ejus
1574 2093 1730 2138 distu-'

336 2163 410 2211 lit3
436 2171 481 2205 ut
497 2171 606 2206 esset
627 2179 700 2221 per
724 2178 852 2221 quem
876 2163 976 2220 justi
999 2165 1294 2223 probarentur.
1317 2158 1485 2207 Etenitn
1509 2164 1607 2223 quia
1624 2175 1730 2207 ωηο·

334 2233 423 2276 lum
444 2233 556 2277 Deus
575 2249 660 2276 non
673 2234 793 2283 secit,
811 2235 886 2277 sed
899 2235 1084 2293 nequitia
1101 2235 1282 2279 diaboli·
1272 2236 1463 2285 inseruit,
1473 2230 1712 2279 vindictam

338 2302 451 2346 Deus
473 2304 665 2353 distulit:
682 2313 730 2348 ut
751 2305 803 2348 ab
825 2305 944 2364 ipsis,
963 2321 1070 2365 quos
1080 2307 1327 2366 deceperat,
1351 2305 1545 2350 diabolus
1559 2306 1712 2350 vince-
1730 2296 1732 2298 V

339 2381 472 2417 retur.
1634 2389 1636 2392 ’

396 2443 486 2488 XL.
522 2443 785 2489 Exercentur
804 2462 905 2506 ergo
926 2449 1111 2508 decepti,
1135 2458 1184 2493 ut
1198 2458 1241 2493 et
1262 2448 1445 2509 pretium
1467 2449 1587 2492 luant
1609 2447 1729 2491 faci-⁴

346 2513 499 2564 litatis,
533 2524 576 2558 et
607 2525 776 2560 sumant
811 2519 948 2562 studia
979 2519 1169 2570 virtutis,
1205 2519 1457 2565 indust-riam
1483 2516 1726 2563 cautionis„

391 2613 399 2628 ¹
421 2603 503 2638 Gen.
529 2616 577 2647 ιν,
603 2606 652 2646 14.
670 2625 710 2632 -—
727 2615 740 2631 ¹·
758 2609 884 2644 Manu.
914 2619 960 2652 vi,
982 2621 1033 2644 ιο.
