<?xml version="1.0" encoding="UTF-8"?>
<!DOCTYPE html PUBLIC "-//W3C//DTD XHTML 1.0 Transitional//EN"
    "http://www.w3.org/TR/xhtml1/DTD/xhtml1-transitional.dtd">
<html xmlns="http://www.w3.org/1999/xhtml" xml:lang="en" lang="en">
 <head>
  <title>
</title>
<meta http-equiv="Content-Type" content="text/html;charset=utf-8" />
  <meta name='ocr-system' content='tesseract 3.04.00' />
  <meta name='ocr-capabilities' content='ocr_page ocr_carea ocr_par ocr_line ocrx_word'/>
</head>
<body>
  <div class='ocr_page' id='page_1' title='image "./omniaequaeextant02ambruoft_0522.png"; bbox 0 0 1780 3120; ppageno 0'>
   <div class='ocr_carea' id='block_1_1' title="bbox 297 251 1149 325">
    <p class='ocr_par' dir='ltr' id='par_1_1' title="bbox 297 251 1149 325">
     <span class='ocr_line' id='line_1_1' title="bbox 297 251 1149 325; baseline -0.008 -9"><span class='ocrx_word' id='word_1_1' title='bbox 297 251 386 325; x_wconf 58' lang='lat' dir='ltr'>Bi}</span> <span class='ocrx_word' id='word_1_2' title='bbox 808 278 1149 312; x_wconf 59' lang='lat' dir='ltr'>Annona-towns.-</span> 
     </span>
    </p>
   </div>
   <div class='ocr_carea' id='block_1_2' title="bbox 296 356 1738 494">
    <p class='ocr_par' dir='ltr' id='par_1_2' title="bbox 296 356 1738 494">
     <span class='ocr_line' id='line_1_2' title="bbox 296 356 1670 419; baseline -0.004 -11"><span class='ocrx_word' id='word_1_3' title='bbox 296 364 456 409; x_wconf 80' lang='lat' dir='ltr'>eisdem</span> <span class='ocrx_word' id='word_1_4' title='bbox 474 360 820 419; x_wconf 80' lang='lat' dir='ltr'>exhiberi-solent</span> <span class='ocrx_word' id='word_1_5' title='bbox 833 391 845 408; x_wconf 95' lang='lat'>,</span> <span class='ocrx_word' id='word_1_6' title='bbox 864 359 1117 417; x_wconf 70' lang='lat' dir='ltr'>traductum=</span> <span class='ocrx_word' id='word_1_7' title='bbox 1129 365 1206 402; x_wconf 84' lang='lat' dir='ltr'>est.</span> <span class='ocrx_word' id='word_1_8' title='bbox 1222 356 1498 417; x_wconf 82' lang='lat' dir='ltr'><strong>Quapropter</strong></span> <span class='ocrx_word' id='word_1_9' title='bbox 1513 374 1670 417; x_wconf 82' lang='lat' dir='ltr'>parum</span> 
     </span>
     <span class='ocr_line' id='line_1_3' title="bbox 296 420 1738 494; baseline -0.003 -14"><span class='ocrx_word' id='word_1_10' title='bbox 296 436 400 480; x_wconf 87' lang='lat' dir='ltr'>scite</span> <span class='ocrx_word' id='word_1_11' title='bbox 417 449 493 494; x_wconf 86' lang='lat' dir='ltr'>pro</span> <span class='ocrx_word' id='word_1_12' title='bbox 508 447 687 477; x_wconf 79' lang='lat' dir='ltr'>scenam</span> <span class='ocrx_word' id='word_1_13' title='bbox 708 429 987 489; x_wconf 85' lang='lat' dir='ltr'>manuscripti</span> <span class='ocrx_word' id='word_1_14' title='bbox 1010 428 1203 472; x_wconf 89' lang='lat' dir='ltr'>nonnulli</span> <span class='ocrx_word' id='word_1_15' title='bbox 1223 428 1388 473; x_wconf 79' lang='lat' dir='ltr'>coedem</span> <span class='ocrx_word' id='word_1_16' title='bbox 1410 439 1665 489; x_wconf 72' lang='lat' dir='ltr'>posuerunt.</span> <span class='ocrx_word' id='word_1_17' title='bbox 1735 420 1738 423; x_wconf 37' lang='grc'><strong>“</strong></span> 
     </span>
    </p>
   </div>
   <div class='ocr_carea' id='block_1_3' title="bbox 659 565 1302 623">
    <p class='ocr_par' dir='ltr' id='par_1_3' title="bbox 659 565 1302 623">
     <span class='ocr_line' id='line_1_4' title="bbox 659 565 1302 623; baseline -0.005 -14"><span class='ocrx_word' id='word_1_18' title='bbox 659 578 906 609; x_wconf 65' lang='lat' dir='ltr'>Annon-rm</span> <span class='ocrx_word' id='word_1_19' title='bbox 944 565 1035 622; x_wconf 83' lang='lat'>(29)</span> <span class='ocrx_word' id='word_1_20' title='bbox 1070 578 1163 623; x_wconf 84' lang='lat' dir='ltr'>pag.</span> <span class='ocrx_word' id='word_1_21' title='bbox 1205 578 1302 622; x_wconf 87' lang='lat'>177.</span> 
     </span>
    </p>
   </div>
   <div class='ocr_carea' id='block_1_4' title="bbox 291 692 1671 1099">
    <p class='ocr_par' dir='ltr' id='par_1_4' title="bbox 291 692 1671 1099">
     <span class='ocr_line' id='line_1_5' title="bbox 351 692 1667 752; baseline 0 -14"><span class='ocrx_word' id='word_1_22' title='bbox 351 693 489 752; x_wconf 88' lang='lat' dir='ltr'>Hujus</span> <span class='ocrx_word' id='word_1_23' title='bbox 508 693 593 737; x_wconf 87' lang='lat' dir='ltr'>loci</span> <span class='ocrx_word' id='word_1_24' title='bbox 614 693 684 737; x_wconf 89' lang='lat' dir='ltr'>hic</span> <span class='ocrx_word' id='word_1_25' title='bbox 707 709 854 738; x_wconf 85' lang='lat' dir='ltr'>sensus</span> <span class='ocrx_word' id='word_1_26' title='bbox 881 701 946 737; x_wconf 87' lang='lat' dir='ltr'>est</span> <span class='ocrx_word' id='word_1_27' title='bbox 965 708 974 736; x_wconf 95' lang='lat'><strong>:</strong></span> <span class='ocrx_word' id='word_1_28' title='bbox 1000 693 1130 736; x_wconf 84' lang='lat' dir='ltr'>Error</span> <span class='ocrx_word' id='word_1_29' title='bbox 1151 708 1227 736; x_wconf 88' lang='lat' dir='ltr'>seu</span> <span class='ocrx_word' id='word_1_30' title='bbox 1248 692 1520 736; x_wconf 75' lang='lat' dir='ltr'>mendacium</span> <span class='ocrx_word' id='word_1_31' title='bbox 1543 708 1667 752; x_wconf 83' lang='lat' dir='ltr'>pres-</span> 
     </span>
     <span class='ocr_line' id='line_1_6' title="bbox 295 763 1671 823; baseline 0.001 -16"><span class='ocrx_word' id='word_1_32' title='bbox 295 765 433 823; x_wconf 65' lang='lat' dir='ltr'>byteri</span> <span class='ocrx_word' id='word_1_33' title='bbox 455 764 730 807; x_wconf 80' lang='lat' dir='ltr'>asseverantis</span> <span class='ocrx_word' id='word_1_34' title='bbox 753 763 991 807; x_wconf 87' lang='lat' dir='ltr'>Susannam</span> <span class='ocrx_word' id='word_1_35' title='bbox 1018 764 1096 807; x_wconf 91' lang='lat' dir='ltr'>sub</span> <span class='ocrx_word' id='word_1_36' title='bbox 1124 764 1277 807; x_wconf 85' lang='lat' dir='ltr'>arbore</span> <span class='ocrx_word' id='word_1_37' title='bbox 1293 763 1555 815; x_wconf 76' lang='lat' dir='ltr'>infructuosa</span> <span class='ocrx_word' id='word_1_38' title='bbox 1571 776 1671 817; x_wconf 55' lang='lat' dir='ltr'>core</span> 
     </span>
     <span class='ocr_line' id='line_1_7' title="bbox 293 833 1666 894; baseline 0 -16"><span class='ocrx_word' id='word_1_39' title='bbox 293 843 463 894; x_wconf 83' lang='lat' dir='ltr'>ruptam</span> <span class='ocrx_word' id='word_1_40' title='bbox 485 834 636 885; x_wconf 85' lang='lat' dir='ltr'>fuisse,</span> <span class='ocrx_word' id='word_1_41' title='bbox 663 833 916 893; x_wconf 85' lang='lat' dir='ltr'>significavit</span> <span class='ocrx_word' id='word_1_42' title='bbox 937 834 995 877; x_wconf 91' lang='lat' dir='ltr'>ibi</span> <span class='ocrx_word' id='word_1_43' title='bbox 1019 834 1257 878; x_wconf 78' lang='lat' dir='ltr'>castitatem</span> <span class='ocrx_word' id='word_1_44' title='bbox 1279 833 1666 882; x_wconf 66' lang='lat' dir='ltr'>fideicomamina—</span> 
     </span>
     <span class='ocr_line' id='line_1_8' title="bbox 292 895 1667 965; baseline -0.001 -15"><span class='ocrx_word' id='word_1_45' title='bbox 292 915 380 950; x_wconf 78' lang='lat' dir='ltr'>tam</span> <span class='ocrx_word' id='word_1_46' title='bbox 395 939 407 958; x_wconf 89' lang='lat'>,</span> <span class='ocrx_word' id='word_1_47' title='bbox 425 906 497 949; x_wconf 85' lang='lat' dir='ltr'>ubi</span> <span class='ocrx_word' id='word_1_48' title='bbox 516 907 704 965; x_wconf 84' lang='lat' dir='ltr'>gentium</span> <span class='ocrx_word' id='word_1_49' title='bbox 719 939 731 957; x_wconf 93' lang='lat'>,</span> <span class='ocrx_word' id='word_1_50' title='bbox 753 915 834 950; x_wconf 85' lang='lat' dir='ltr'>etc.</span> <span class='ocrx_word' id='word_1_51' title='bbox 857 907 963 951; x_wconf 87' lang='lat' dir='ltr'>Nam</span> <span class='ocrx_word' id='word_1_52' title='bbox 982 908 1097 964; x_wconf 91' lang='lat' dir='ltr'>quod</span> <span class='ocrx_word' id='word_1_53' title='bbox 1113 922 1240 965; x_wconf 84' lang='lat' dir='ltr'>supra</span> <span class='ocrx_word' id='word_1_54' title='bbox 1263 895 1419 949; x_wconf 86' lang='lat' dir='ltr'>dicitur</span> <span class='ocrx_word' id='word_1_55' title='bbox 1437 905 1588 950; x_wconf 84' lang='lat' dir='ltr'>Daniel</span> <span class='ocrx_word' id='word_1_56' title='bbox 1603 905 1667 950; x_wconf 71' lang='lat' dir='ltr'>ibi</span> 
     </span>
     <span class='ocr_line' id='line_1_9' title="bbox 291 976 1668 1036; baseline 0 -16"><span class='ocrx_word' id='word_1_57' title='bbox 291 977 441 1021; x_wconf 81' lang='lat' dir='ltr'>falsum</span> <span class='ocrx_word' id='word_1_58' title='bbox 472 977 761 1021; x_wconf 85' lang='lat' dir='ltr'>testimonium</span> <span class='ocrx_word' id='word_1_59' title='bbox 787 978 1136 1036; x_wconf 81' lang='lat' dir='ltr'>deprehendisse,</span> <span class='ocrx_word' id='word_1_60' title='bbox 1155 993 1238 1022; x_wconf 84' lang='lat' dir='ltr'>vox</span> <span class='ocrx_word' id='word_1_61' title='bbox 1264 977 1329 1020; x_wconf 76' lang='lat' dir='ltr'>ibi</span> <span class='ocrx_word' id='word_1_62' title='bbox 1350 992 1436 1020; x_wconf 90' lang='lat' dir='ltr'>non</span> <span class='ocrx_word' id='word_1_63' title='bbox 1461 978 1514 1020; x_wconf 87' lang='lat' dir='ltr'>ad</span> <span class='ocrx_word' id='word_1_64' title='bbox 1536 976 1668 1020; x_wconf 84' lang='lat' dir='ltr'>arbo-—</span> 
     </span>
     <span class='ocr_line' id='line_1_10' title="bbox 293 1046 1662 1099; baseline -0.001 -8"><span class='ocrx_word' id='word_1_65' title='bbox 293 1063 383 1091; x_wconf 85' lang='lat' dir='ltr'>rem</span> <span class='ocrx_word' id='word_1_66' title='bbox 403 1048 555 1092; x_wconf 78' lang='lat' dir='ltr'>Bethel</span> <span class='ocrx_word' id='word_1_67' title='bbox 570 1080 582 1099; x_wconf 85' lang='lat'><strong><em>,</em></strong></span> <span class='ocrx_word' id='word_1_68' title='bbox 604 1048 678 1092; x_wconf 88' lang='lat' dir='ltr'>sed</span> <span class='ocrx_word' id='word_1_69' title='bbox 701 1049 825 1093; x_wconf 79' lang='lat' dir='ltr'>aliam</span> <span class='ocrx_word' id='word_1_70' title='bbox 842 1049 880 1091; x_wconf 91' lang='lat' dir='ltr'>ei</span> <span class='ocrx_word' id='word_1_71' title='bbox 904 1049 1122 1092; x_wconf 81' lang='lat' dir='ltr'>sterilitate</span> <span class='ocrx_word' id='word_1_72' title='bbox 1140 1047 1320 1092; x_wconf 87' lang='lat' dir='ltr'>similem</span> <span class='ocrx_word' id='word_1_73' title='bbox 1337 1046 1562 1092; x_wconf 85' lang='lat' dir='ltr'>reserenda</span> <span class='ocrx_word' id='word_1_74' title='bbox 1579 1054 1662 1097; x_wconf 75' lang='lat' dir='ltr'>est,</span> 
     </span>
    </p>
   </div>
   <div class='ocr_carea' id='block_1_5' title="bbox 716 1178 1233 1239">
    <p class='ocr_par' dir='ltr' id='par_1_5' title="bbox 716 1178 1233 1239">
     <span class='ocr_line' id='line_1_11' title="bbox 716 1178 1233 1239; baseline 0 -17"><span class='ocrx_word' id='word_1_75' title='bbox 716 1194 964 1223; x_wconf 79' lang='lat' dir='ltr'><strong>ANNOTATIO</strong></span> <span class='ocrx_word' id='word_1_76' title='bbox 1003 1178 1094 1239; x_wconf 83' lang='grc'>(30)</span> <span class='ocrx_word' id='word_1_77' title='bbox 1131 1179 1233 1222; x_wconf 86' lang='lat' dir='ltr'>ibid.</span> 
     </span>
    </p>
   </div>
   <div class='ocr_carea' id='block_1_6' title="bbox 289 1310 1668 1656">
    <p class='ocr_par' dir='ltr' id='par_1_6' title="bbox 289 1310 1668 1656">
     <span class='ocr_line' id='line_1_12' title="bbox 347 1310 1668 1361; baseline -0.002 -4"><span class='ocrx_word' id='word_1_78' title='bbox 347 1313 527 1357; x_wconf 81' lang='lat' dir='ltr'>Videtur</span> <span class='ocrx_word' id='word_1_79' title='bbox 556 1312 718 1356; x_wconf 83' lang='lat' dir='ltr'>Doctor</span> <span class='ocrx_word' id='word_1_80' title='bbox 750 1319 922 1354; x_wconf 84' lang='lat' dir='ltr'>sanctus</span> <span class='ocrx_word' id='word_1_81' title='bbox 953 1310 998 1353; x_wconf 86' lang='lat' dir='ltr'>id</span> <span class='ocrx_word' id='word_1_82' title='bbox 1026 1311 1223 1361; x_wconf 81' lang='lat' dir='ltr'>innuere,</span> <span class='ocrx_word' id='word_1_83' title='bbox 1250 1310 1488 1354; x_wconf 83' lang='lat' dir='ltr'>Ecclesiam</span> <span class='ocrx_word' id='word_1_84' title='bbox 1509 1310 1552 1354; x_wconf 86' lang='lat' dir='ltr'>in</span> <span class='ocrx_word' id='word_1_85' title='bbox 1575 1310 1668 1355; x_wconf 69' lang='lat' dir='ltr'>Da³&gt;</span> 
     </span>
     <span class='ocr_line' id='line_1_13' title="bbox 290 1382 1663 1443; baseline -0.001 -14"><span class='ocrx_word' id='word_1_86' title='bbox 290 1386 435 1434; x_wconf 87' lang='lat' dir='ltr'>nielis‚</span> <span class='ocrx_word' id='word_1_87' title='bbox 470 1385 694 1429; x_wconf 78' lang='lat' dir='ltr'>calumniae</span> <span class='ocrx_word' id='word_1_88' title='bbox 720 1384 992 1442; x_wconf 79' lang='lat' dir='ltr'>presbyteros</span> <span class='ocrx_word' id='word_1_89' title='bbox 1017 1382 1332 1434; x_wconf 87' lang='lat' dir='ltr'>convincentis,</span> <span class='ocrx_word' id='word_1_90' title='bbox 1356 1397 1536 1442; x_wconf 82' lang='lat' dir='ltr'>persona</span> <span class='ocrx_word' id='word_1_91' title='bbox 1556 1399 1663 1443; x_wconf 83' lang='lat' dir='ltr'>gen-</span> 
     </span>
     <span class='ocr_line' id='line_1_14' title="bbox 289 1453 1663 1515; baseline -0.002 -15"><span class='ocrx_word' id='word_1_92' title='bbox 289 1455 450 1500; x_wconf 82' lang='lat' dir='ltr'>tilitatis</span> <span class='ocrx_word' id='word_1_93' title='bbox 471 1455 696 1515; x_wconf 79' lang='lat' dir='ltr'>perfidiam</span> <span class='ocrx_word' id='word_1_94' title='bbox 714 1469 799 1497; x_wconf 88' lang='lat' dir='ltr'>non</span> <span class='ocrx_word' id='word_1_95' title='bbox 823 1462 985 1512; x_wconf 79' lang='lat' dir='ltr'>tegere,</span> <span class='ocrx_word' id='word_1_96' title='bbox 1011 1453 1055 1496; x_wconf 88' lang='lat' dir='ltr'>id</span> <span class='ocrx_word' id='word_1_97' title='bbox 1074 1462 1162 1503; x_wconf 85' lang='lat' dir='ltr'>est,</span> <span class='ocrx_word' id='word_1_98' title='bbox 1181 1469 1268 1496; x_wconf 90' lang='lat' dir='ltr'>non</span> <span class='ocrx_word' id='word_1_99' title='bbox 1285 1453 1571 1504; x_wconf 80' lang='lat' dir='ltr'>dissimulare,</span> <span class='ocrx_word' id='word_1_100' title='bbox 1586 1453 1663 1498; x_wconf 79' lang='lat' dir='ltr'>sed</span> 
     </span>
     <span class='ocr_line' id='line_1_15' title="bbox 289 1523 1663 1584; baseline -0.003 -14"><span class='ocrx_word' id='word_1_101' title='bbox 289 1527 543 1570; x_wconf 81' lang='lat' dir='ltr'>convincere</span> <span class='ocrx_word' id='word_1_102' title='bbox 562 1542 572 1569; x_wconf 74' lang='grc' dir='ltr'><em>τ</em></span> <span class='ocrx_word' id='word_1_103' title='bbox 588 1533 732 1584; x_wconf 85' lang='lat' dir='ltr'>postea</span> <span class='ocrx_word' id='word_1_104' title='bbox 756 1533 899 1568; x_wconf 83' lang='lat' dir='ltr'>tamen</span> <span class='ocrx_word' id='word_1_105' title='bbox 916 1525 960 1567; x_wconf 88' lang='lat' dir='ltr'>in</span> <span class='ocrx_word' id='word_1_106' title='bbox 977 1523 1205 1583; x_wconf 83' lang='lat' dir='ltr'>gentilibus</span> <span class='ocrx_word' id='word_1_107' title='bbox 1218 1558 1228 1574; x_wconf 93' lang='lat'><strong><em>,</em></strong></span> <span class='ocrx_word' id='word_1_108' title='bbox 1243 1524 1316 1582; x_wconf 88' lang='lat' dir='ltr'>qui</span> <span class='ocrx_word' id='word_1_109' title='bbox 1334 1531 1663 1575; x_wconf 84' lang='lat' dir='ltr'>convertuntur,</span> 
     </span>
     <span class='ocr_line' id='line_1_16' title="bbox 289 1594 1664 1656; baseline -0.004 -15"><span class='ocrx_word' id='word_1_110' title='bbox 289 1613 384 1641; x_wconf 90' lang='lat' dir='ltr'>eam</span> <span class='ocrx_word' id='word_1_111' title='bbox 411 1613 486 1656; x_wconf 90' lang='lat' dir='ltr'>per</span> <span class='ocrx_word' id='word_1_112' title='bbox 517 1596 777 1655; x_wconf 81' lang='lat' dir='ltr'>baptismum</span> <span class='ocrx_word' id='word_1_113' title='bbox 811 1595 1072 1638; x_wconf 77' lang='lat' dir='ltr'>abscondere</span> <span class='ocrx_word' id='word_1_114' title='bbox 1094 1609 1168 1637; x_wconf 81' lang='lat' dir='ltr'>seu</span> <span class='ocrx_word' id='word_1_115' title='bbox 1192 1594 1389 1644; x_wconf 84' lang='lat' dir='ltr'>abluere,</span> <span class='ocrx_word' id='word_1_116' title='bbox 1412 1601 1461 1637; x_wconf 87' lang='lat' dir='ltr'>ut</span> <span class='ocrx_word' id='word_1_117' title='bbox 1483 1608 1576 1653; x_wconf 79' lang='lat' dir='ltr'>qnoe</span> <span class='ocrx_word' id='word_1_118' title='bbox 1592 1606 1664 1636; x_wconf 48' lang='lat' dir='ltr'>sea</span> 
     </span>
    </p>
   </div>
   <div class='ocr_carea' id='block_1_7' title="bbox 291 1668 880 1725">
    <p class='ocr_par' dir='ltr' id='par_1_7' title="bbox 291 1668 880 1725">
     <span class='ocr_line' id='line_1_17' title="bbox 291 1668 880 1725; baseline -0.002 -14"><span class='ocrx_word' id='word_1_119' title='bbox 291 1677 497 1725; x_wconf 76' lang='lat' dir='ltr'>quantur,</span> <span class='ocrx_word' id='word_1_120' title='bbox 518 1668 616 1711; x_wconf 81' lang='lat' dir='ltr'>satis</span> <span class='ocrx_word' id='word_1_121' title='bbox 638 1668 880 1710; x_wconf 81' lang='lat' dir='ltr'>ostendunt.</span> 
     </span>
    </p>
   </div>
   <div class='ocr_carea' id='block_1_8' title="bbox 651 1794 1295 1854">
    <p class='ocr_par' dir='ltr' id='par_1_8' title="bbox 651 1794 1295 1854">
     <span class='ocr_line' id='line_1_18' title="bbox 651 1794 1295 1854; baseline -0.005 -14"><span class='ocrx_word' id='word_1_122' title='bbox 651 1811 898 1840; x_wconf 73' lang='lat' dir='ltr'><strong>ANNOTATIO</strong></span> <span class='ocrx_word' id='word_1_123' title='bbox 937 1795 1025 1852; x_wconf 86' lang='lat'>(31)</span> <span class='ocrx_word' id='word_1_124' title='bbox 1064 1811 1156 1854; x_wconf 81' lang='lat' dir='ltr'>pag.</span> <span class='ocrx_word' id='word_1_125' title='bbox 1200 1794 1295 1838; x_wconf 84' lang='lat'>183.</span> 
     </span>
    </p>
   </div>
   <div class='ocr_carea' id='block_1_9' title="bbox 292 1905 1664 2043">
    <p class='ocr_par' dir='ltr' id='par_1_9' title="bbox 292 1905 1664 2043">
     <span class='ocr_line' id='line_1_19' title="bbox 349 1905 1664 1972; baseline -0.002 -12"><span class='ocrx_word' id='word_1_126' title='bbox 349 1916 625 1965; x_wconf 61' lang='lat' dir='ltr'>latentiam,</span> <span class='ocrx_word' id='word_1_127' title='bbox 646 1915 690 1959; x_wconf 89' lang='lat' dir='ltr'>id</span> <span class='ocrx_word' id='word_1_128' title='bbox 706 1922 790 1964; x_wconf 86' lang='lat' dir='ltr'>cst,</span> <span class='ocrx_word' id='word_1_129' title='bbox 810 1912 981 1972; x_wconf 81' lang='lat' dir='ltr'>propria</span> <span class='ocrx_word' id='word_1_130' title='bbox 997 1913 1215 1955; x_wconf 84' lang='lat' dir='ltr'>voluntate</span> <span class='ocrx_word' id='word_1_131' title='bbox 1247 1926 1295 1954; x_wconf 87' lang='lat' dir='ltr'>ac</span> <span class='ocrx_word' id='word_1_132' title='bbox 1319 1910 1528 1954; x_wconf 78' lang='lat' dir='ltr'>electione</span> <span class='ocrx_word' id='word_1_133' title='bbox 1541 1926 1553 1961; x_wconf 80' lang='lat'>3</span> <span class='ocrx_word' id='word_1_134' title='bbox 1579 1905 1664 1957; x_wconf 70' lang='lat' dir='ltr'>nisi</span> 
     </span>
     <span class='ocr_line' id='line_1_20' title="bbox 292 1980 1542 2043; baseline -0.006 -11"><span class='ocrx_word' id='word_1_135' title='bbox 292 1990 400 2032; x_wconf 74' lang='lat' dir='ltr'>sorte</span> <span class='ocrx_word' id='word_1_136' title='bbox 423 1987 535 2031; x_wconf 87' lang='lat' dir='ltr'>idem</span> <span class='ocrx_word' id='word_1_137' title='bbox 554 1987 629 2038; x_wconf 84' lang='lat' dir='ltr'>sit,</span> <span class='ocrx_word' id='word_1_138' title='bbox 656 1994 780 2043; x_wconf 81' lang='lat' dir='ltr'>atque</span> <span class='ocrx_word' id='word_1_139' title='bbox 797 1983 926 2030; x_wconf 84' lang='lat' dir='ltr'>animi</span> <span class='ocrx_word' id='word_1_140' title='bbox 942 1982 1215 2026; x_wconf 79' lang='lat' dir='ltr'>contentione</span> <span class='ocrx_word' id='word_1_141' title='bbox 1236 1990 1279 2026; x_wconf 86' lang='lat' dir='ltr'>et</span> <span class='ocrx_word' id='word_1_142' title='bbox 1298 1980 1542 2040; x_wconf 84' lang='lat' dir='ltr'>pertinacia.</span> 
     </span>
    </p>
   </div>
   <div class='ocr_carea' id='block_1_10' title="bbox 655 2105 1297 2166">
    <p class='ocr_par' dir='ltr' id='par_1_10' title="bbox 655 2105 1297 2166">
     <span class='ocr_line' id='line_1_21' title="bbox 655 2105 1297 2166; baseline -0.008 -14"><span class='ocrx_word' id='word_1_143' title='bbox 655 2121 900 2152; x_wconf 76' lang='grc' dir='ltr'><strong>ΑΝΝοΤΑΤιο</strong></span> <span class='ocrx_word' id='word_1_144' title='bbox 938 2105 1028 2166; x_wconf 85' lang='lat'><strong>(32)</strong></span> <span class='ocrx_word' id='word_1_145' title='bbox 1063 2120 1157 2166; x_wconf 84' lang='lat' dir='ltr'>pag.</span> <span class='ocrx_word' id='word_1_146' title='bbox 1202 2105 1297 2162; x_wconf 86' lang='lat'>189.</span> 
     </span>
    </p>
   </div>
   <div class='ocr_carea' id='block_1_11' title="bbox 291 2225 1666 2364">
    <p class='ocr_par' dir='ltr' id='par_1_11' title="bbox 291 2225 1666 2364">
     <span class='ocr_line' id='line_1_22' title="bbox 352 2225 1666 2291; baseline -0.005 -16"><span class='ocrx_word' id='word_1_147' title='bbox 352 2232 566 2291; x_wconf 80' lang='lat' dir='ltr'>Duplicia</span> <span class='ocrx_word' id='word_1_148' title='bbox 589 2241 794 2291; x_wconf 78' lang='lat' dir='ltr'>peccata,</span> <span class='ocrx_word' id='word_1_149' title='bbox 812 2230 984 2290; x_wconf 87' lang='lat' dir='ltr'>propria</span> <span class='ocrx_word' id='word_1_150' title='bbox 1005 2229 1210 2273; x_wconf 88' lang='lat' dir='ltr'>nimirum</span> <span class='ocrx_word' id='word_1_151' title='bbox 1225 2262 1235 2279; x_wconf 89' lang='lat'><em>‚</em></span> <span class='ocrx_word' id='word_1_152' title='bbox 1261 2236 1305 2272; x_wconf 90' lang='lat' dir='ltr'>et</span> <span class='ocrx_word' id='word_1_153' title='bbox 1331 2225 1574 2271; x_wconf 87' lang='lat' dir='ltr'>communia</span> <span class='ocrx_word' id='word_1_154' title='bbox 1594 2231 1666 2269; x_wconf 76' lang='lat' dir='ltr'>to·-</span> 
     </span>
     <span class='ocr_line' id='line_1_23' title="bbox 291 2305 1461 2364; baseline -0.005 -16"><span class='ocrx_word' id='word_1_155' title='bbox 291 2305 376 2348; x_wconf 80' lang='lat' dir='ltr'>tius</span> <span class='ocrx_word' id='word_1_156' title='bbox 398 2305 545 2364; x_wconf 86' lang='lat' dir='ltr'>gentis.</span> <span class='ocrx_word' id='word_1_157' title='bbox 1458 2305 1461 2306; x_wconf 48' lang='lat'><em>⁷</em></span> 
     </span>
    </p>
   </div>
   <div class='ocr_carea' id='block_1_12' title="bbox 653 2419 1298 2482">
    <p class='ocr_par' dir='ltr' id='par_1_12' title="bbox 653 2419 1298 2482">
     <span class='ocr_line' id='line_1_24' title="bbox 653 2419 1298 2482; baseline -0.006 -14"><span class='ocrx_word' id='word_1_158' title='bbox 653 2437 899 2468; x_wconf 70' lang='lat' dir='ltr'>ANNoTATlo</span> <span class='ocrx_word' id='word_1_159' title='bbox 935 2421 1028 2482; x_wconf 81' lang='lat'>(33)</span> <span class='ocrx_word' id='word_1_160' title='bbox 1063 2436 1158 2481; x_wconf 85' lang='lat' dir='ltr'>pag.</span> <span class='ocrx_word' id='word_1_161' title='bbox 1202 2419 1298 2478; x_wconf 88' lang='lat'>196.</span> 
     </span>
    </p>
   </div>
   <div class='ocr_carea' id='block_1_13' title="bbox 283 2541 1668 2680">
    <p class='ocr_par' dir='ltr' id='par_1_13' title="bbox 283 2541 1668 2680">
     <span class='ocr_line' id='line_1_25' title="bbox 353 2541 1668 2600; baseline -0.008 -8"><span class='ocrx_word' id='word_1_162' title='bbox 353 2547 434 2591; x_wconf 87' lang='lat' dir='ltr'>Hic</span> <span class='ocrx_word' id='word_1_163' title='bbox 454 2547 627 2591; x_wconf 76' lang='lat' dir='ltr'>moveri</span> <span class='ocrx_word' id='word_1_164' title='bbox 638 2545 878 2590; x_wconf 70' lang='lat' dir='ltr'>ulciscendi</span> <span class='ocrx_word' id='word_1_165' title='bbox 899 2544 1063 2588; x_wconf 73' lang='lat' dir='ltr'>doloris</span> <span class='ocrx_word' id='word_1_166' title='bbox 1083 2542 1285 2600; x_wconf 70' lang='lat' dir='ltr'>injuria,</span> <span class='ocrx_word' id='word_1_167' title='bbox 1299 2541 1412 2584; x_wconf 89' lang='lat' dir='ltr'>idem</span> <span class='ocrx_word' id='word_1_168' title='bbox 1424 2547 1488 2583; x_wconf 74' lang='lat' dir='ltr'>ost</span> <span class='ocrx_word' id='word_1_169' title='bbox 1504 2552 1554 2582; x_wconf 80' lang='lat' dir='ltr'>ae</span> <span class='ocrx_word' id='word_1_170' title='bbox 1567 2548 1668 2582; x_wconf 65' lang='lat' dir='ltr'>mo·-</span> 
     </span>
     <span class='ocr_line' id='line_1_26' title="bbox 283 2607 1663 2680; baseline -0.009 -14"><span class='ocrx_word' id='word_1_171' title='bbox 283 2619 385 2666; x_wconf 61' lang='lat' dir='ltr'>›wei-i</span> <span class='ocrx_word' id='word_1_172' title='bbox 403 2628 576 2680; x_wconf 85' lang='lat' dir='ltr'>accepta</span> <span class='ocrx_word' id='word_1_173' title='bbox 587 2618 742 2679; x_wconf 76' lang='lat' dir='ltr'>injuria</span> <span class='ocrx_word' id='word_1_174' title='bbox 759 2619 811 2662; x_wconf 79' lang='lat' dir='ltr'>ad</span> <span class='ocrx_word' id='word_1_175' title='bbox 826 2608 1125 2662; x_wconf 72' lang='lat' dir='ltr'>ulciscendum</span> <span class='ocrx_word' id='word_1_176' title='bbox 1137 2615 1342 2660; x_wconf 85' lang='lat' dir='ltr'>dolorem.</span> <span class='ocrx_word' id='word_1_177' title='bbox 1360 2613 1466 2668; x_wconf 79' lang='lat' dir='ltr'>Quae</span> <span class='ocrx_word' id='word_1_178' title='bbox 1481 2607 1663 2673; x_wconf 49' lang='lat' dir='ltr'>phrasin</span> 
     </span>
    </p>
   </div>
  </div>
 </body>
</html>
