1780 3120
303 254 394 318 Aoo
801 290 803 293 -
854 263 886 307 ε’.
926 260 1117 309 iniussu

306 408 948 438 «mmmuaemmmmmmmmm
954 393 1623 438 mmmffluzmfflm
1628 399 1675 437 tu

768 580 770 582 -
838 545 1018 590 CAPUT
1048 544 1147 591 XX.

311 695 546 739 Praemisso
561 696 765 755 pignoris
773 727 789 744 ,
801 694 1123 744 commendati,
1134 709 1187 738 ao
1201 694 1385 753 depositi
1395 694 1672 745 discrimine,

370 765 558 810 ostendit
579 765 812 824 spirituale
839 765 1006 824 pignus
1034 779 1147 813 esse,
1184 764 1300 821 quod
1323 764 1457 807 v&eddi
1475 763 1587 824 Lege
1599 766 1678 823 ju*

372 837 541 891 beatur,
569 850 823 894 corporeum
850 845 1000 877 tamen
1032 836 1169 878 etiam
1197 835 1327 878 reddi
1351 845 1579 894 oportere:
1603 835 1680 892 qui

368 905 552 950 verbam
577 906 659 949 Dei
697 905 895 949 audierit
920 904 1163 949 debitorem
1181 920 1289 957 esse,
1322 922 1402 949 nec
1417 906 1475 950 ab
1491 921 1540 949 eo
1573 906 1680 966 pig-

369 993 455 1020 nus
474 977 729 1020 tollendam.
757 977 822 1020 De
853 977 1125 1035 evangelicis
1144 977 1444 1029 vestimentis,
1480 987 1521 1020 et
1542 977 1595 1020 de
1615 987 1682 1022 tu-

369 1048 475 1090 nica
495 1062 631 1104 quam
652 1061 802 1089 omnes
811 1063 837 1103 J
846 1045 1030 1089 ubemur
1051 1047 1249 1091 indicere.
1273 1048 1447 1091 Bonum
1464 1047 1683 1091 amictum

372 1132 458 1160 esse
485 1117 572 1159 Dei
598 1116 808 1166 verbum3
845 1131 928 1160 esse
965 1118 1127 1177 pignus
1150 1118 1389 1162 dominica»
1417 1119 1575 1168 sortis,
1597 1131 1683 1161 me

373 1187 600 1245 sapientise
629 1188 967 1235 vestimentum;
999 1187 1180 1232 tandem
1218 1204 1303 1232 esse
1330 1188 1517 1233 verbam
1548 1202 1682 1231 ovan-

374 1258 659 1317 gustandum.

377 1404 545 1450 LXVII.
586 1405 852 1448 Coenovnws
888 1405 1026 1449 soenus
1068 1406 1329 1465 legitimum,
1373 1411 1684 1465 cognoscamus

316 1485 358 1519 et
379 1475 531 1535 pignus
554 1476 668 1532 quod
692 1474 778 1517 Lex
800 1475 918 1518 reddi
938 1475 1060 1533 jubet
1082 1484 1179 1519 ante
1195 1476 1293 1519 solis
1321 1491 1534 1520 occasum.
1568 1474 1683 1529 Quid

318 1548 370 1591 sit
397 1540 509 1590 ist'ud
539 1546 638 1589 audi
661 1545 874 1589 dicentem
903 1546 1153 1606 Apostolum
1173 1563 1182 1589 :
1200 1565 1216 1587 α
1241 1548 1370 1591 Dedit
1392 1547 1506 1592 Deus
1530 1548 1684 1607 pignus

316 1637 333 1659 n
347 1615 549 1676 Spiritum
573 1615 615 1659 in
634 1617 835 1660 cordibus
851 1617 1046 1661 nostris¹.
1069 1636 1085 1658 »
1098 1618 1342 1677 Tripliciter
1363 1626 1505 1662 autem
1526 1626 1572 1662 et
1583 1618 1683 1678 pig-

319 1705 420 1740 nus,
443 1697 486 1732 et
507 1690 889 1739 commendatum,-
903 1698 946 1739 et
984 1690 1224 1749 depositum
1246 1690 1416 1734 dicitur.
1440 1690 1600 1750 Pignus
1623 1689 1684 1733 di-

321 1767 424 1803 cunt
448 1760 563 1817 quod
578 1774 654 1817 pro
684 1768 832 1803 mutuo
849 1775 931 1803 aere
954 1769 1200 1819 susceptum
1220 1769 1309 1804 est:
1335 1762 1682 1805 commendatum

321 1838 461 1873 autem
482 1837 524 1872 et
546 1829 784 1888 depositum
805 1831 920 1887 quod
940 1845 1017 1873 nos
1040 1831 1242 1874 custodiae
1268 1846 1394 1874 causa
1415 1831 1542 1874 alicui
1563 1846 1684 1874 com-

318 1900 520 1943 misimus.
549 1901 667 1943 Unde
680 1899 735 1942 ait
758 1900 986 1959 Apostolus
1005 1916 1015 1943 ε
1031 1919 1046 1941 α
1067 1900 1166 1944 Scio
1184 1901 1254 1944 cui
1270 1901 1456 1952 credidi,
1480 1909 1522 1945 et
1541 1909 1683 1944 certus

318 1990 334 2011 n
349 1985 441 2014 sum
455 2002 466 2020 ,
481 1966 748 2028 quia'potens
769 1978 833 2013 est
864 1972 1212 2015 commendatum
1235 1987 1380 2015 meum
1396 1970 1620 2015 servarein
1637 1970 1667 2014 il

318 2042 436 2083 »lum
455 2039 605 2083 diem'.
624 2058 640 2080 1>
661 2040 911 2099 Depositum
928 2057 1098 2100 quoque
1113 2042 1228 2086 idem
1246 2043 1392 2086 docuit
1413 2043 1528 2101 quod
1547 2048 1679 2091 esset,

320 2111 487 2153 dicens:
505 2128 520 2149 α
541 2110 709 2153 Bonum
726 2111 965 2169 depositum
984 2112 1149 2156 custodi
1165 2128 1242 2171 per
1263 2112 1469 2171 Spiritum
1489 2120 1682 2156 sanctum

318 2199 334 2221 ι
349 2180 420 2238 qui
449 2179 611 2223 habitat
647 2180 690 2223 in
725 2180 890 2226 nobis³.
908 2200 924 2223 »
946 2181 1162 2240 Numquid
1194 2182 1374 2242 Spiritus
1396 2183 1682 2227 commendati

320 2250 409 2294 auri
430 2250 672 2309 argentique
691 2260 832 2294 custos
848 2260 935 2302 est,
965 2261 1037 2296 aut
1058 2268 1135 2311 per
1165 2252 1373 2312 Spiritum
1391 2262 1587 2297 sanctum
1612 2268 1684 2313 pe-

318 2321 443 2365 cunia
476 2321 713 2365 custoditur
740 2321 759 2364 P
781 2321 977 2380 Spiritale
1014 2323 1141 2382 igitur
1177 2323 1329 2382 pignus
1356 2323 1595 2367 custoditur
1630 2322 1683 2367 ab

318 2393 500 2451 Spiritu:
524 2407 578 2436 ne
596 2407 689 2437 aves
709 2393 1003 2445 coeliveniunt,
1022 2402 1065 2438 et
1083 2393 1277 2448 auferant
1295 2395 1401 2439 illud
1417 2395 1470 2439 de
1484 2393 1683 2438 cordibus

318 2462 485 2508 nostris.

378 2531 567 2578 LXVIII.
584 2532 780 2578 Petamus
790 2549 909 2594 ergo,
924 2543 970 2578 ut
983 2535 1245 2580 custodiatin
1257 2535 1380 2580 nobis
1391 2535 1583 2582 Christus
1599 2535 1681 2581 hoc

368 2644 381 2661 ι
401 2645 418 2667 2
436 2635 516 2672 cor.
534 2646 559 2678 ι,
574 2646 630 2674 2².
646 2654 686 2664 --
703 2647 718 2664 ²
737 2650 753 2673 a
767 2636 858 2674 Tim.
875 2649 899 2676 ι,
921 2649 972 2676 na.
989 2657 1030 2666 --
1047 2638 1164 2675 ³1bid.
1184 2639 1231 2679 ¹4·
