1780 3120
412 258 465 290 m:
498 226 888 294 nurzssvmmoxz
922 263 1064 296 nsvin.
1102 266 1182 296 mn.
1222 268 1275 297 nv.
1435 255 1521 309 485

158 404 712 427 mmmssaemmmnuu
718 409 1335 434 mssummmmusnumn
1341 422 1460 436 mus
1465 423 1527 437 tw

713 538 893 585 CAPUT
923 541 995 585 111.

158 679 201 726 F
200 682 318 726 aceri
336 682 607 742 Proplaetam
626 700 671 730 so
690 696 868 731 tamum
888 703 978 731 non
998 705 1083 732 esso
1101 691 1357 748 prolapsum
1373 726 1383 741 ‚
1410 693 1522 734 dum

213 764 495 810 peccatorum
507 773 664 815 pacem
680 758 989 804 aemulantum
1007 750 1225 818 duplicem
1247 778 1333 805 esse
1344 779 1518 821 pacem.

215 824 291 866 sod
301 839 510 882 eamquoe
530 827 853 887 offendiculum
877 831 1017 884 habet,
1037 833 1302 892 fugiendam
1315 850 1330 876 .·
1349 834 1523 877 nullum

216 895 268 936 in
288 906 427 940 morte
444 909 728 956 peccatorum
750 901 951 945 levamen
966 918 1072 950 essm
1098 919 1190 946 non
1209 905 1409 960 prodesse
1428 903 1520 962 fla-

212 965 327 1026 gello
343 978 439 1024 post
464 980 652 1013 mortem
673 972 873 1030 exentplo
890 971 1056 1016 Lazari
1074 983 1115 1016 σι
1136 974 1294 1018 divitis
1316 975 1519 1018 demons-

216 1038 361 1084 trari:
388 1051 606 1098 quantum
639 1058 747 1086 vero
771 1045 948 1102 prosint
975 1045 1026 1087 in
1050 1046 1176 1095 vita,
1209 1046 1431 1090 Davidem
1468 1061 1523 1087 aa

214 1113 436 1157 Iacobum
449 1114 723 1171 patefacere:
743 1114 923 1161 demum
936 1126 1146 1174 perpetuo
1169 1131 1256 1160 esse
1276 1114 1520 1176 flagellan-

215 1185 309 1235 dos,
332 1186 411 1242 qui
428 1183 503 1226 Ιιίσ
507 1185 732 1244 flagellati
747 1186 1041 1244 nonfuert‘nt.

214 1323 260 1369 V.
297 1325 492 1374 Dssmour.
506 1326 780 1384 sequentibus
797 1326 970 1386 exponit
991 1327 1078 1385 ipse
1103 1326 1206 1386 quid
1227 1326 1430 1374 senserit,
1451 1325 1518 1368 di·—

152 1398 289 1440 cendo
308 1412 319 1439 :
350 1415 366 1436 ι
389 1396 472 1440 Mei
496 1405 638 1440 autem
659 1412 771 1456 pene
790 1397 898 1441 moti
918 1404 1017 1441 sunt
1044 1396 1202 1459 pedes,
1225 1398 1352 1455 paulo
1376 1396 1519 1439 minus

151 1467 304 1512 »effusi
329 1475 428 1511 sunt
448 1483 614 1526 gressus
631 1467 716 1510 mei
734 1483 744 1510 :
769 1468 869 1525 quia
885 1468 1015 1511 zelavi
1034 1468 1077 1510 in
1096 1467 1396 1527 peccatoribus
1410 1499 1422 1515 ‚
1447 1481 1519 1524 pa-

151 1553 277 1581 »cem
302 1546 580 1597 peccatorum
601 1537 748 1581 videns
763 1537 796 1581 ¹.
827 1556 844 1578 ι
871 1537 965 1582 Non
1000 1538 1148 1596 utique
1173 1537 1303 1596 pedes
1327 1535 1518 1594 corporis

152 1610 334 1667 appellat
356 1623 523 1667 gressus
538 1641 551 1657 ‚
573 1610 649 1652 sed
674 1608 955 1652 directionem
981 1607 1134 1651 mentis
1157 1616 1203 1650 et
1220 1621 1438 1665 gressum,
1462 1606 1518 1649 de

150 1694 234 1736 quo
250 1679 350 1723 alibi
362 1679 466 1723 dicit
483 1694 495 1722 :
520 1697 538 1719 ι
558 1679 655 1723 Non
677 1679 818 1723 veniat
838 1678 944 1722 mihi
965 1694 1038 1736 pes
1053 1679 1279 1736 superhiae,
1298 1685 1342 1720 et
1363 1690 1516 1719 manus

106 1741 112 1745 ⁵
151 1769 168 1789 ι
182 1758 458 1809 peccatorum
481 1765 567 1793 non
598 1756 766 1797 moveat
786 1748 899 1793 me'.
924 1767 941 1789 »
973 1749 1074 1792 Ideo
1094 1763 1263 1807 semper
1282 1747 1516 1806 petendum

150 1828 230 1870 est,
248 1829 297 1863 ut
315 1820 470 1879 dirigat
485 1819 693 1868 Dominus
719 1827 966 1863 nostrorum
989 1819 1229 1862 animorum
1251 1817 1445 1876 vestigia,
1464 1831 1518 1859 ne

149 1890 373 1940 labantur,
399 1899 443 1933 et
463 1890 630 1933 lubrico
657 1882 843 1947 quodam
862 1890 1018 1933 erroris
1050 1890 1208 1940 effusa,
1243 1888 1518 1931 stabilitatem

150 1960 214 2002 sui
235 1968 381 2003 tenere
403 1974 489 2003 non
518 1959 691 2017 possint.
717 1959 999 2017 Prolapsionis
1029 1967 1172 2002 autem
1194 1973 1319 2002 causa
1341 1973 1390 2000 ea
1417 1965 1479 1999 est
1499 1989 1512 2005 ‚

148 2030 265 2088 quod
293 2045 442 2090 pacem
470 2031 694 2073 aemulatus
722 2037 786 2072 est
816 2038 1105 2087 peccatorum.
1138 2027 1345 2071 AEmulari
1371 2035 1515 2070 autem

149 2101 354 2144 debemus
373 2115 466 2159 quae
488 2101 599 2143 hona
614 2108 730 2148 sunt,
754 2114 841 2142 non
856 2114 905 2142 ea
928 2115 1021 2157 quae
1038 2101 1161 2158 plena
1185 2097 1405 2142 dedecoris
1422 2114 1435 2146 ;
1455 2096 1514 2139 si-

149 2180 223 2214 cut
257 2179 300 2214 et
325 2171 480 2214 Paulus
514 2172 727 2230 apostolus
758 2171 964 2229 expressit
995 2169 1141 2212 dicens
1160 2164 1220 2212 εἰ
1247 2171 1416 2213 Bonum
1448 2176 1514 2210 est

148 2261 165 2282 ι
179 2251 320 2286 autem
338 2242 528 2285 aemulari
545 2241 590 2285 in
605 2242 719 2285 bono
740 2256 908 2300 semper
922 2240 953 2284 ².
978 2260 994 2282 ι

184 2325 186 2328 ’
206 2313 276 2356 Vl.
311 2313 399 2357 Nec
425 2321 468 2356 te
496 2321 666 2356 moveat
686 2314 802 2371 quod
821 2326 972 2367 pacem
997 2312 1041 2354 in
1066 2312 1179 2354 malo
1201 2309 1355 2370 posuit.
1386 2308 1515 2352 Deni-

148 2398 233 2441 que
274 2376 318 2426 e't
348 2383 391 2425 in
422 2382 652 2442 Evangelio
686 2382 819 2426 habes
846 2397 938 2425 esse
971 2396 1150 2440 pacem,
1187 2395 1316 2438 quam
1353 2378 1516 2436 respuit

149 2453 364 2503 Christus,
383 2462 432 2497 ut
448 2453 538 2513 ipse
558 2453 643 2496 ait:
678 2453 862 2496 «Pacem
887 2467 1027 2496 meam
1049 2450 1243 2509 relinquo
1270 2449 1414 2498 vobis,
1437 2464 1513 2508 pa—

148 2545 165 2566 »
179 2541 271 2569 cem
291 2541 431 2570 meam
450 2527 506 2569 do
526 2525 646 2569 vobis
669 2540 680 2567 ε
699 2536 786 2568 nou
802 2523 914 2567 sicut
930 2522 1116 2566 mundus
1138 2523 1236 2570 dat,
1255 2537 1335 2579 ego
1357 2521 1413 2564 do
1436 2535 1512 2562 vo-

194 2627 204 2644 ·
224 2618 309 2654 Pul.
326 2629 430 2660 um,
448 2628 482 2659 ε,
498 2617 534 2656 3,
550 2636 591 2645 -
608 2628 622 2645 ι
643 2616 694 2652 ld.
713 2628 813 2658 xxxv,
832 2627 881 2651 η.
901 2633 944 2644 -
960 2617 975 2640 ³
991 2614 1098 2649 Galat.
1115 2610 1163 2655 iv,
1178 2614 1211 2661 4‚
