1780 3120
345 243 433 289 216
894 255 929 283 s.
967 253 1161 284 Aunnosu

343 333 484 378 officio
509 346 587 376 suo
617 346 705 376 non
731 339 796 375 est
815 333 1141 389 memorsactus
1162 330 1432 392 interpretis,
1455 335 1530 379 sed
1549 336 1717 382 oblitus

343 413 407 448 est
422 419 533 447 eum.
551 402 647 451 vSed
664 402 744 446 etsi
765 403 837 447 ille
858 402 1207 453 obliviscebatur,
1229 403 1423 448 Christus
1438 404 1524 449 non
1541 404 1715 451 oblivis-

343 475 521 518 cebatur
543 489 554 516 :
580 475 655 517 sed
682 473 939 532 loquebatur
958 473 996 516 ei
1014 506 1026 523 ,
1048 466 1195 533 et'per
1219 477 1434 519 servulum
1453 476 1720 535 loquebatur

344 544 490 588 dicens
507 544 560 587 ad
579 559 678 587 eum
699 559 709 587 :
735 562 751 584 «
767 544 932 587 Memor
946 553 1037 587 esto
1057 560 1136 604 per
1150 544 1424 605 temetipsam
1439 579 1451 597 ‚
1468 565 1485 588 ι
1505 548 1588 592 hoc
1619 557 1682 593 est
1696 572 1712 602 ,’

343 615 412 657 vel
427 613 555 658 officii
573 614 633 657 tui
650 614 1009 674 contomplatione
1025 615 1127 677 quid
1145 616 1343 667 audieris,
1363 619 1603 663 recordare.
1626 620 1717 664 Set}

344 684 424 728 etsi
449 699 563 728 nunc
588 684 744 728 oblitus
766 699 835 735 es,
864 701 1031 729 memor
1052 686 1134 729 eris
1157 687 1268 737 mei3
1295 696 1345 731 ut
1364 690 1517 733 evadas
1537 691 1713 749 pericu-

342 756 435 799 lum
447 789 457 805 ,
476 756 546 813 qui
565 755 722 799 oblitus
737 771 782 799 es
797 756 1069 809 beneficium.
1090 757 1250 801 Tamen
1267 759 1403 802 elatus
1418 760 1608 819 potentia
1623 776 1717 806 nou’

343 825 661 872 recordabatur.
688 827 742 869 Et
766 835 922 884 quanta
947 826 1040 870 haec
1069 829 1259 886 potentia
1276 863 1287 879 ‚
1315 830 1390 874 ubi
1411 831 1496 875 vini
1518 831 1714 876 ministe-

340 894 483 937 rium?
503 895 567 938 En
589 895 703 939 unde
722 897 859 939 omnis
875 897 1105 954 jactantia3
1126 899 1223 957 quia
1242 908 1334 944 erat
1355 903 1592 961 spadonum
1608 910 1719 963 prae--

340 964 525 1023 positus,
549 965 621 1023 qui
637 965 786 1009 >vinum
807 968 972 1026 poculis
994 969 1121 1028 regiis
1142 970 1454 1018 ministrabant.

404 1034 612 1080 XXXIII.
659 1054 676 1076 α
696 1037 750 1080 Et
771 1037 931 1081 sactum
959 1048 1050 1091 est,·
1078 1040 1239 1099 inquit,
1267 1051 1364 1101 post
1394 1043 1660 1088 biennium¹.
1683 1063 1711 1086 r

344 1104 528 1154 Mentior
549 1107 601 1149 de
622 1106 705 1151 hoc
726 1110 860 1152 nostri
881 1111 1078 1168 spadonis
1100 1120 1316 1171 tempore,
1339 1114 1420 1158 nisi
1445 1123 1488 1159 et
1505 1116 1594 1158 dies
1611 1128 1714 1159 con·

345 1175 487 1226 venit3
506 1177 601 1235 quia
619 1187 714 1237 post
729 1179 948 1223 biennium
966 1182 1128 1241 recepit
1145 1183 1350 1235 officium,
1368 1198 1448 1228 noc
1465 1187 1716 1229 recordatus

346 1255 432 1298 est,
463 1251 537 1303 sed
566 1251 820 1296 admonitus.
858 1251 1067 1312 Cognovit
1097 1253 1212 1298 enim
1239 1257 1355 1314 quod
1377 1256 1505 1300 etiam
1531 1272 1720 1316 regnum

343 1317 486 1376 ipsum
508 1319 552 1362 in
572 1320 656 1364 hoc
677 1324 833 1366 saeculo
855 1332 965 1367 osset
986 1325 1223 1376 somnium,
1249 1326 1322 1384 qui
1338 1341 1416 1370 suo
1438 1328 1604 1371 somnio
1626 1343 1721 1371 non

345 1389 558 1432 credidit.
584 1391 733 1436 didicit
754 1393 882 1436 etiam
899 1410 1078 1454 regnum
1098 1412 1189 1439 esse
1211 1397 1402 1447 somnia,
1421 1412 1501 1441 nec
1523 1398 1715 1457 ipsorum

347 1467 577 1518 potestates
599 1478 692 1506 esse
711 1473 951 1522 perpetuas.
982 1466 1067 1509 Sed
1089 1466 1175 1511 cito
1196 1467 1313 1511 hunc
1333 1469 1486 1539 locum
1491 1472 1718 1527 praetereai

347 1529 493 1580 dolor,
527 1547 581 1575 ne
619 1533 708 1591 ipsa
745 1537 1157 1580 commemoratione
1194 1539 1454 1582 crudescat}
1484 1549 1550 1582 ne
1584 1538 1716 1598 ipsius

344 1600 520 1657 quidem
558 1604 765 1647 sermonis
803 1605 889 1648 mei
924 1606 1172 1649 meminisse
1207 1609 1412 1659 delectat,
1447 1617 1587 1667 quem
1610 1616 1725 1652 tune*

345 1672 552 1729 temporis
573 1674 641 1716 vel
661 1673 860 1718 effuderit
877 1676 1013 1726 dolor,
1030 1677 1098 1720 vel
1113 1678 1336 1721 extorserit
1351 1679 1551 1722 Ecclesiae
1567 1686 1721 1745 contu·-

345 1741 472 1784 melia
499 1742 609 1802 (38).

406 1810 611 1856 XXXIV.
649 1812 904 1858 Admonitus
933 1831 1035 1875 ergo
1066 1817 1129 1860 sui
1154 1832 1231 1877 per
1257 1819 1469 1862 somnium
1491 1819 1601 1878 regis
1623 1817 1683 1864 ait
1700 1834 1722 1863 τ

360 1898 379 1922 ι
397 1880 626 1927 Peccatum
643 1899 789 1927 meum
818 1886 1063 1930 recordor².
1085 1905 1102 1928 »
1124 1887 1226 1931 Sera
1248 1889 1419 1947 quidem
1437 1889 1514 1933 ista
1537 1897 1622 1942 est,
1640 1889 1724 1934 set!¹

345 1951 513 1995 utinam
535 1969 634 1996 vera
659 1955 881 1999 consessio.
906 1955 1007 2000 Post
1025 1966 1252 2016 peccatum
1278 1959 1442 2010 fateris,
1472 1960 1588 2018 quod
1615 1967 1725 2005 ante*

346 2032 572 2081 peccatum
619 2040 770 2069 cavere
804 2027 1025 2071 debueras.
1063 2028 1204 2081 Quam
1242 2029 1326 2072 cito
1363 2030 1520 2075 oblitus
1553 2031 1714 2075 sum-as.
1771 2029 1775 2039 '

355 2114 373 2136 ι
388 2096 657 2142 Μαῐῃοηοεῐο
672 2098 768 2142 mei.
792 2117 810 2140 ι
829 2098 922 2142 Scis
938 2115 1092 2159 nempe
1109 2109 1212 2151 tunc
1229 2102 1434 2162 temporis
1450 2102 1566 2146 hunc
1580 2103 1713 2147 fuisse

344 2181 586 2211 sermonem
606 2184 616 2211 :
641 2171 717 2212 sed
741 2170 912 2214 obtusas
930 2186 1052 2214 aures
1073 2171 1262 2216 habebas
1281 2173 1392 2218 fastu
1411 2174 1610 2233 potentiae
1625 2204 1637 2222 .
1659 2181 1717 2219 ‘et

340 2236 429 2280 vini
450 2238 594 2282 ebrius
616 2255 703 2282 non
726 2241 926 2285 audiebas
943 2243 1072 2286 verba
1095 2244 1348 2289 sobrietatis.
1378 2245 1457 2290 Vel
1486 2255 1600 2289 nunc
1621 2249 1727 2290 me·-

337 2317 488 2352 mento
515 2310 625 2361 mei,
653 2312 726 2369 qui
747 2320 973 2371 peccatum
1005 2329 1100 2356 sero
1125 2314 1280 2359 fateris.
1316 2315 1402 2369 Qui
1427 2331 1548 2375 rogas
1564 2330 1715 2360 servu·-

340 2380 431 2422 lum
449 2380 629 2432 Christi,
649 2398 726 2425 cur
741 2383 973 2428 Dominum
991 2385 1147 2445 negas?
1161 2386 1379 2432 Inebriare
1393 2387 1481 2447 jam
1494 2403 1582 2431 non
1594 2387 1723 2440 vinor

341 2451 415 2493 sed
444 2449 606 2508 Spiritu
635 2462 796 2498 sancto.
829 2455 1073 2501 Recordare
1095 2457 1199 2516 quid
1217 2473 1366 2517 passus
1396 2458 1474 2507 sit.
1502 2465 1601 2502 cum
1623 2468 1716 2515 quo

343 2520 537 2566 dormisti
566 2538 763 2568 somnum
791 2535 940 2580 tuum,
973 2535 1017 2572 et
1047 2528 1264 2573 somniasti
1286 2529 1515 2574 somnium.
1545 2529 1601 2572 Et
1621 2528 1722 2588 ipse

382 2616 395 2647 .’
411 2613 494 2648 Gen.
514 2625 580 2654 xm,
602 2626 628 2648 1.
644 2633 684 2641 —-
702 2625 716 2642 ⁸
737 2617 823 2651 lbid.
841 2630 875 2664 9.
