1780 3120
386 284 441 316 nn
473 283 670 315 natu-rna
699 280 969 313 tenuem.
1007 283 1128 311 uun
1158 253 1282 312 usuri
1420 265 1506 328 349

146 372 193 409 et
206 371 255 409 tu
266 362 471 407 sollicitus
484 376 531 405 es
542 359 697 419 quibus
708 358 992 404 marmoribus
1005 359 1244 418 pavimenta
1257 368 1331 405 tua
1340 361 1505 409 vectius.

145 431 379 480 Pecuniam
404 446 567 492 pauper
592 429 772 490 quaerit,
795 438 843 474 et
859 445 948 474 non
968 429 1126 474 babet:
1148 446 1303 490 panem
1327 434 1513 491 postulat

148 503 296 554 bomo,
327 510 372 547 et
397 517 535 561 equus
564 510 664 544 tuus
694 515 848 544 aurum
873 500 955 544 sub
981 499 1181 545 dentibus
1208 502 1387 547 mandit.
1426 502 1513 548 Sed

149 573 374 619 delectant*
386 580 430 616 te
453 579 703 616 ornamenta
732 571 917 631 pretiosa
937 604 950 621 ,
976 585 1077 614 cum
1102 571 1174 614 alii
1194 571 1406 616 frumenta
1425 587 1513 617 non

148 642 348 688 babeant.
370 641 609 695 Quantum,
629 655 657 684 8
676 640 811 691 dives,
827 641 959 685 sumis
977 641 1054 684 tibi
1069 641 1311 698 judicium?
1326 642 1511 702 Populus

149 711 299 763 esurit,
330 719 375 755 et
403 720 451 754 tu
471 710 626 754 horrea
643 718 716 754 tua
736 710 929 757 claudis:
954 712 1139 770 populus
1166 711 1377 770 deplorat,
1401 721 1446 757 et
1465 721 1512 756 tu

149 778 363 843 gemmam
385 790 502 824 tuam
520 796 673 824 versas.
698 781 864 830 Infelix,
887 781 1012 839 cnjus
1034 781 1077 824 in
1103 789 1312 840 potestate
1331 790 1395 826 est
1417 791 1512 827 tan-

149 860 293 896 torum
317 851 477 895 animas
491 866 514 893 a
534 858 673 894 morte
686 850 933 901 defendere,
954 860 998 895 et
1016 866 1104 895 non
1121 859 1186 894 est
1204 853 1413 912 voluntas.
1433 852 1515 897 To-

151 922 236 966 tius
252 922 380 965 vitam
395 921 541 980 populi
554 929 723 979 poterat
738 921 883 964 annuli
899 921 960 964 tui
975 935 1143 980 gemma
1158 937 1340 966 servare.

207 991 334 1036 LVu.
376 990 489 1035 Audi
521 992 647 1049 plane
678 992 815 1048 qualis
843 991 1020 1035 divitem
1054 990 1205 1036 deceat
1230 992 1475 1051 praedicatio
1497 1010 1509 1036 ε

162 1060 405 1112 «Liberavi,
433 1061 586 1119 inquit,
608 1076 842 1120 pauperem
862 1063 916 1104 de
935 1077 1068 1105 manu
1087 1063 1273 1121 potentis
1292 1071 1338 1107 et
1358 1064 1515 1124 orpha-

151 1132 286 1175 ·num
313 1131 384 1175 cni
413 1146 501 1175 non
531 1139 622 1174 erat
650 1131 839 1189 adjutor,
870 1132 1029 1190 adjuvi:
1064 1131 1315 1177 Benedictio
1338 1134 1516 1193 perituri

152 1218 171 1243 ι
182 1216 311 1261 super
328 1216 399 1245 me
414 1201 558 1245 venit=
579 1216 628 1245 os
646 1209 789 1246 autem
805 1201 942 1245 viduae
959 1217 1031 1245 me
1047 1201 1275 1246 benedixit.
1298 1202 1517 1250 Justitiam

150 1270 407 1321 »induebam
427 1273 579 1316 oculus
598 1267 715 1315 eram
735 1286 964 1322 caecorum,
981 1287 1057 1332 pes
1078 1281 1221 1316 autem
1237 1274 1513 1325 claudorumg

153 1348 228 1384 »et
244 1355 323 1399 ego
345 1356 464 1384 eram
488 1350 609 1400 pater
628 1340 941 1385 infirmorum&
963 1360 982 1381 ι
1002 1342 1058 1385 Et
1078 1341 1213 1385 infra:
1238 1342 1387 1398 «UAnte
1407 1343 1519 1387 sores
1575 1344 1579 1349 ’

153 1426 300 1454 »meas
325 1426 412 1455 non
441 1411 647 1455 habitavit
679 1412 855 1471 hospes,
891 1412 1050 1455 ostium
1072 1420 1214 1455 autem
1237 1428 1383 1456 meum
1402 1414 1519 1457 omni

64 1487 81 1493 ”
154 1501 173 1524 ι
186 1482 368 1526 venienti
383 1483 533 1541 patuit.
550 1482 595 1526 Si
606 1491 748 1526 autem
761 1492 806 1526 et
815 1483 989 1542 peccavi
1001 1483 1269 1543 imprudens,
1285 1500 1372 1528 non
1387 1486 1520 1529 celavi

154 1570 175 1594 ι
186 1554 357 1612 culpam
372 1568 528 1604 meam,
546 1568 687 1611 neque
699 1547 906 1597 reveritus
917 1569 1012 1597 sum
1028 1554 1347 1598 multitudinem
1363 1554 1520 1614 plebis:

155 1639 175 1663 ι
187 1631 235 1666 ut
254 1638 341 1666 non
360 1624 657 1667 annuntiarem
679 1624 959 1682 praesentibus
973 1624 1061 1667 eis:
1083 1623 1118 1667 si
1137 1617 1284 1683 passus
1299 1639 1394 1668 sum
1409 1625 1523 1669 infir-

156 1713 175 1734 »
187 1709 306 1738 mum
320 1694 436 1739 exire
454 1695 610 1738 ostium
629 1709 773 1738 meum
787 1701 980 1738 ‘vacnum
999 1709 1012 1738 ε
1034 1695 1069 1738 si
1092 1695 1335 1739 cautionem
1352 1711 1522 1756 qnoque

157 1780 177 1804 ι
187 1763 221 1806 si
236 1779 366 1823 qnam
382 1764 511 1808 habui
528 1765 748 1815 debitoris,
763 1765 936 1809 scissam
948 1765 1040 1809 sine
1057 1764 1190 1809 debiti
1201 1767 1524 1826 recuperatione

158 1835 353 1880 »reddidi
375 1835 468 1880 sine
492 1835 653 1879 mora².
675 1854 693 1876 ι
713 1835 822 1880 Nam
852 1835 956 1894 qnid
984 1835 1055 1880 ina
1082 1836 1303 1895 replicem,
1333 1839 1451 1895 quod
1479 1837 1523 1881 in

160 1905 281 1949 omni
299 1903 469 1949 infirmo
487 1905 653 1950 flevisse
674 1920 719 1949 se
740 1905 861 1955 dixit,
884 1914 929 1949 et
949 1898 1221 1964 ingemuisse,
1243 1921 1343 1950 cum
1361 1906 1526 1951 videret

159 1975 299 2020 virum
334 1976 378 2019 in
410 1976 678 2025 necessitate,
712 1991 757 2018 se
786 1983 927 2019 autem
959 1975 1002 2018 in
1036 1975 1188 2019 bonis?
1213 1975 1300 2020 Sed
1324 1985 1426 2020 tunc
1446 1977 1525 2020 sihi

160 2045 306 2103 magis-
322 2046 451 2090 fuisse
478 2047 568 2090 dies
597 2047 826 2096 malorum,
858 2061 957 2089 cum
989 2061 1035 2090 se
1059 2045 1220 2090 babere
1248 2055 1458 2096 cerneret,
1482 2056 1526 2090 ct

159 2115 268 2159 alios
286 2115 487 2175 indigere.
511 2116 557 2160 Si
577 2116 661 2160 hoc
680 2116 753 2165 ille
773 2116 894 2175 dicit,
917 2116 991 2174 qui
1013 2131 1233 2175 nunquam
1257 2116 1395 2160 viduae
1415 2132 1523 2161 ocu·

161 2185 253 2230 lum
288 2185 388 2229 tecit
423 2187 658 2236 tabescere,
693 2186 767 2244 qui
805 2201 1027 2244 nunqnam
1063 2188 1219 2245 panem
1253 2201 1379 2246 suum
1410 2190 1523 2233 solus

161 2257 449 2307 manducavit,
478 2265 524 2302 et
553 2272 640 2300 non
665 2257 857 2316 orphano
887 2257 1077 2307 tradidit,
1099 2271 1228 2315 quem
1259 2273 1283 2300 a
1302 2257 1526 2316 juventute

162 2343 238 2372 sua
256 2326 447 2378 nutrivit,
469 2330 589 2378 aluit,
607 2329 787 2372 instituit
808 2329 993 2387 parentis
1007 2328 1163 2372 ass'e'ctu
1181 2344 1195 2372 τ
1217 2329 1292 2387 qni
1306 2345 1525 2388 nunquam

162 2398 327 2442 nudum
357 2394 562 2456 despexit,
593 2398 668 2455 qui
698 2399 954 2442 morientem
984 2398 1169 2457 operuit,
1201 2398 1275 2457 qui
1299 2400 1527 2446 velleribus

162 2467 306 2511 ovium
321 2481 495 2510 suarum
506 2466 775 2510 intirmorum
787 2467 980 2511 calefecit
990 2468 1209 2520 humeros,
1217 2475 1307 2512 'non
1318 2472 1525 2529 oppressit

165 2537 391 2598 pupillum,
416 2554 638 2597 nunqnam
663 2538 819 2582 divitiis
841 2539 1077 2584 delectatus
1100 2548 1182 2592 est,
1202 2554 1422 2599 nunquam
1442 2557 1543 2600 gra-⁴

213 2634 221 2647 ·
237 2628 314 2662 Job.
332 2639 423 2667 xxix,
444 2630 555 2664 12-16.
572 2647 612 2656 -
631 2640 646 2656 ⁸
664 2630 719 2664 td.
735 2641 823 2668 xxxi,
838 2629 950 2671 3²⁶3&
