1780 3120
309 212 363 257 16
853 223 883 250 s.
924 221 1115 251 Aninnosu

301 304 427 349 Fodit
446 311 488 345 et
507 309 682 360 puteum
703 298 939 343 Juramenti
954 332 965 349 ,
984 307 1026 341 et
1048 313 1131 340 non
1155 296 1313 340 invenit
1334 296 1377 338 in
1399 311 1451 339 eo
1473 311 1626 354 aquam
1645 313 1665 348 g

305 382 347 417 et
367 373 528 416 vocavit
550 386 647 413 eum
670 379 847 429 puteum
868 369 894 412 J
899 368 1120 412 uramenti.

358 443 476 487 XXI.
514 441 618 494 Quis
643 441 733 484 haee
754 443 920 499 legens,
946 448 1112 483 terrena
1144 437 1277 496 magis
1305 452 1431 495 quam
1458 436 1663 496 spiritalia

303 527 428 571 opera
446 526 535 554 esse
557 510 799 559 arbitretur,
824 511 940 568 quod
961 511 1026 552 vel
1048 508 1262 551 Abraham
1283 507 1391 549 fodit
1410 515 1576 565 puteos,
1594 507 1664 550 vel

301 584 432 631 Isaac,
457 581 559 624 tanti
576 581 771 623 videlicet
786 579 1057 628 patriarchae,
1077 580 1143 622 vel
1163 578 1290 620 etiam
1311 577 1463 627 Jacob,
1488 577 1599 619 sieut
1619 585 1666 620 et

301 653 346 695 in
366 651 592 708 Evangelio
615 649 850 708 reperimus
865 648 899 698 ¹,
921 651 1037 692 velut
1054 650 1190 691 tontes
1207 647 1379 705 quidam
1402 646 1566 705 generis
1586 646 1665 690 hu-

301 721 415 764 mani
441 729 483 763 et
503 720 739 779 specialiter
760 718 993 762 devotionis
1016 733 1064 760 ac
1087 717 1199 759 fidei.
1228 716 1344 771 Quid
1364 724 1427 758 est
1447 716 1560 758 enim
1579 731 1666 775 pu-

302 800 394 834 teus
417 806 532 848 aquae
551 791 668 840 vivae,
688 790 765 832 nisi
786 789 1006 847 prosundae
1024 788 1201 829 altitudo
1222 785 1456 829 doctrinas?
1479 788 1600 830 Unde
1619 795 1665 831 et

301 861 413 918 Agar
433 862 486 902 ad
507 867 682 918 puteum
705 859 912 916 Angelum
939 857 1064 904 vidit,
1090 864 1132 898 et
1152 855 1286 898 Jacob
1310 858 1363 898 ad
1379 865 1555 915 puteum
1577 857 1665 901 Ra-
1728 909 1731 912 Δ

302 931 398 972 chel
429 930 505 972 sibi
533 929 692 971 invenit
714 943 888 970 uxorem
909 942 919 969 ε
947 927 1110 984 Moyses
1133 941 1302 984 quoque
1333 941 1455 970 secus
1480 935 1662 986 puteum

298 999 428 1043 futuri
443 998 596 1042 locavit
612 998 761 1040 merita
788 997 924 1055 prima
945 995 1144 1054 conjugii.

359 1068 500 1112 XXII.
534 1069 570 1112 A
592 1076 720 1126 puteo
742 1067 869 1125 igitur
890 1067 1059 1110 visionis
1076 1067 1240 1126 aperire
1265 1067 1381 1110 Isaac
1401 1069 1575 1110 adorsus
1597 1075 1663 1110 est

300 1147 449 1198 puteos
463 1171 474 1187 ,
497 1146 539 1180 et
554 1139 667 1181 bono
688 1139 860 1187 ordine}
884 1146 930 1180 ut
949 1137 1040 1194 ejus
1061 1137 1177 1195 putei
1199 1153 1306 1194 aqua
1328 1137 1513 1196 primum
1530 1138 1668 1181 ratio-

299 1209 440 1252 nabile
457 1208 620 1257 animae,
645 1210 901 1266 oculumque
923 1208 1014 1265 ejus
1036 1207 1213 1250 dilueret
1235 1216 1277 1249 et
1293 1207 1469 1257 foveret,
1492 1222 1577 1266 quo
1598 1207 1665 1250 vi-

299 1293 391 1322 sum
407 1277 499 1337 ejus
515 1278 670 1321 faceret
684 1278 918 1320 clariorem.
936 1278 1062 1320 Fodit
1074 1278 1200 1321 etiam
1221 1279 1321 1321 alios
1334 1286 1484 1336 puteos
1499 1280 1656 1336 plures,

298 1347 418 1391 Unde
440 1355 482 1390 et
502 1347 705 1405 scriptum
732 1356 795 1390 est
814 1364 823 1389 :
856 1366 872 1387 α
893 1349 999 1391 Bibe
1022 1363 1172 1405 aquam
1197 1349 1247 1390 de
1271 1348 1354 1390 tuis
1380 1348 1585 1397 vasis,-et
1607 1348 1663 1390 de

297 1426 552 1476 »puteorum
579 1425 749 1460 tuorum
778 1418 965 1461 sontibus
987 1418 1017 1461 ².
1047 1437 1063 1458 »
1096 1419 1268 1471 Quanto
1298 1410 1442 1477 plures
1468 1418 1627 1461 fuerint
1644 1450 1659 1468 ,

296 1496 413 1530 tanto
453 1496 516 1530 est
551 1488 723 1530 uberior
754 1490 1033 1531 redundantia
1065 1489 1307 1547 gratiarum.
1350 1489 1476 1533 Fodit
1517 1497 1661 1532 tamen

295 1565 492 1616 puteum,
517 1572 642 1614 quem
664 1557 828 1600 foderat
848 1567 969 1616 pater
991 1559 1082 1617 ejus
1105 1559 1319 1602 Abraham
1336 1592 1347 1610 ‚
1372 1561 1425 1602 de
1441 1575 1525 1618 quo
1540 1559 1662 1603 litem

295 1628 490 1671 fecerunt
514 1635 701 1685 pastores
723 1627 930 1670 Gerarum
946 1662 957 1678 ‚
989 1629 1070 1671 hoc
1097 1638 1183 1678 est,
1206 1630 1412 1673 maceriae.
1442 1630 1523 1673 Ubi
1544 1630 1661 1673 enim

294 1697 501 1746 maceria,
523 1697 592 1754 jbi
625 1697 770 1740 divisio
800 1698 911 1741 inter
939 1708 1245 1758 repugnantes,
1273 1700 1331 1741 ibi
1359 1700 1594 1758 injustitiam
1616 1707 1663 1743 et

297 1767 392 1811 ideo
413 1767 577 1810 vocavit
596 1766 862 1823 Iujustitiam.
891 1767 1032 1811 Alium
1054 1785 1223 1827 quoque
1244 1769 1349 1812 fodit
1363 1803 1374 1820 ‚
1398 1778 1441 1813 et
1457 1779 1547 1814 orta
1571 1771 1662 1814 dis·

292 1837 511 1895 sensione,
538 1836 701 1879 vocavit
724 1852 821 1879 eum
845 1838 1102 1881 Inimicitias.
1133 1840 1179 1880 In
1203 1839 1357 1896 quibus
1376 1840 1544 1883 videtur
1563 1842 1661 1884 elu-

297 1921 393 1949 cere
415 1906 605 1948 doctrina
626 1907 823 1956 moralis‚·
848 1922 899 1950 eo
922 1908 1038 1965 quod
1061 1909 1226 1951 sublato
1253 1909 1412 1966 pariete
1433 1910 1659 1960 maceriae,

295 1977 440 2021 solutae
461 1975 541 2018 sint
563 1975 605 2017 in
627 1991 754 2018 carne
773 1976 956 2019 hominis
979 1978 1223 2027 inimicifiae,
1243 1986 1287 2021 et
1308 1978 1416 2021 sacta
1437 1980 1522 2022 sint
1539 1988 1658 2023 utra-

294 2062 377 2103 que
402 2061 533 2088 unum
555 2046 598 2088 in
619 2045 757 2104 figura
773 2062 849 2105 per
877 2047 992 2090 Isaac
1008 2081 1018 2098 ‚
1046 2048 1088 2090 in
1109 2048 1285 2091 veritate
1309 2064 1384 2108 per
1407 2049 1623 2094 Christum
1638 2067 1654 2100 ς

294 2116 533 2172 meritoque
551 2123 696 2174 postea
723 2131 827 2174 pura
854 2133 960 2174 aqna
983 2118 1024 2160 in
1047 2133 1097 2160 eo
1126 2126 1254 2177 puteo
1276 2119 1328 2161 sit
1343 2128 1511 2178 reperta
1527 2152 1538 2170 ,
1558 2128 1658 2163 tan·

294 2199 421 2244 quam
441 2186 631 2228 doctrina
653 2187 822 2230 moralis
838 2188 951 2230 utilis
962 2189 1015 2230 ad
1036 2189 1333 2232 hauriendum.
1362 2189 1518 2233 Puteus
1544 2205 1658 2248 quo-

296 2271 378 2313 que
402 2256 651 2299 Latitudinis
686 2256 787 2314 quid
814 2257 928 2300 aliud
961 2258 1168 2316 significat
1200 2259 1278 2301 nisi
1305 2260 1360 2302 de
1387 2255 1657 2304 naturalibus

295 2326 587 2384 disciplinam?
603 2326 695 2383 Qua
715 2342 840 2370 eausa
856 2336 898 2371 et
916 2329 1111 2372 Latitudo
1129 2329 1298 2379 dicitur,
1319 2329 1415 2387 quia
1434 2330 1525 2373 sine
1546 2344 1656 2374 con-

294 2396 509 2445 tentione.
532 2395 620 2438 sine
654 2396 750 2446 lite,
779 2396 866 2454 jam
899 2399 1065 2456 quietus
1095 2407 1221 2457 atque
1243 2414 1435 2443 securus
1458 2407 1545 2450 est,
1577 2399 1654 2457 qui

292 2469 506 2526 mundana
531 2466 622 2510 haec
643 2475 687 2510 et
716 2468 927 2512 sensibilia
949 2469 1076 2514 fuerit
1097 2485 1402 2530 supergressus.
1431 2470 1552 2518 Unde
1575 2484 1651 2514 su-

336 2557 464 2597 ?Jonn.
483 2567 528 2599 ιν,
551 2567 598 2593 η.
614 2574 656 2583 -
673 2564 685 2581 ·
710 2558 807 2594 Prov.
823 2569 854 2599 v,
876 2560 928 2596 1⁵.
