1780 3120
289 224 376 272 512
798 232 1133 264 annoni-ionas.

651 369 894 400 Armorum
932 353 1023 413 (23)
1060 369 1153 412 pag.
1195 354 1293 405 141.

349 488 435 543 Qui
449 488 645 532 libertate
668 487 847 529 donatus
869 484 1006 527 fuerat
1021 516 1031 534 ,
1055 498 1141 526 non
1162 483 1218 526 ita
1236 481 1365 526 fiebat
1381 482 1444 526 sui
1460 482 1590 541 juris,
1610 491 1663 526 ut

296 569 478 620 patrono
501 557 778 601 reverentiam
797 563 923 614 atque
939 554 1190 612 obsequium
1213 568 1298 596 non
1317 554 1503 597 deberet.
1531 554 1661 607 Quod

296 631 516 689 siquando
541 627 823 686 contingeret,
848 635 895 669 ut
917 626 1106 684 ingratus
1128 626 1328 667 adversus
1344 633 1570 683 patronum
1590 639 1662 668 re»

292 701 519 761 periretur,
539 706 611 742 aut
632 698 675 740 in
692 697 933 740 inferiorem
951 695 1158 738 libertatis
1176 696 1353 754 gradum
1371 694 1661 753 redigebatur,

295 779 366 814 aut
382 770 509 814 etiam
529 769 703 812 omnino
725 768 1005 811 revocabatur
1021 767 1064 809 in
1087 765 1332 809 servitutem
1352 780 1361 808 :
1388 780 1468 823 qua
1487 765 1666 823 quidem·

292 857 416 901 poena
430 855 526 883 cum
545 839 600 881 ob
615 838 692 881 alia
705 870 717 888 ‚
741 847 831 881 tum
850 838 904 880 ob
921 852 1076 880 nomen
1099 836 1258 879 militiae
1280 836 1425 878 datum
1444 828 1662 878 afficieba-

293 921 375 954 tur.
399 910 504 953 Vide
517 909 637 952 Tom.
661 924 686 951 1.
713 909 821 951 Cod.
850 908 1008 951 Theod.
1030 908 1102 950 lib.
1133 922 1184 956 11,
1206 907 1268 950 tit.
1291 922 1398 956 xxu,
1418 907 1470 949 de
1492 906 1664 949 Haered'.

291 981 414 1028 Petit.
440 989 483 1024 et
505 971 745 1024 comment).
770 979 983 1032 Gothosr„
1007 979 1177 1021 ibidem.
1207 978 1315 1021 Item
1337 978 1410 1021 lib.
1434 993 1491 1028 ιν,
1514 977 1578 1020 tit.
1606 992 1665 1026 n,

295 1054 347 1095 de
360 1051 542 1095 Libertis
565 1060 608 1094 et
633 1065 782 1093 eorum
804 1049 968 1098 liberis,
997 1057 1040 1092 ct
1062 1049 1113 1091 ad
1131 1064 1229 1091 eum
1247 1048 1440 1105 ejusdem
1463 1046 1663 1091 Gothosr.

296 1123 534 1165 Comment.
560 1121 634 1164 ubi
655 1120 960 1164 Ambrosianus
979 1120 1048 1162 hic
1065 1122 1185 1163 locus
1213 1120 1407 1163 refertur.

657 1257 902 1287 ANNo'rA'rlo
940 1242 1035 1298 (24)
1064 1256 1157 1299 pag.
1201 1239 1294 1282 150.

355 1365 462 1419 Quae
479 1364 638 1408 ultimis
655 1363 721 1406 his
739 1364 906 1406 duobus
924 1361 1135 1420 capitibus
1152 1362 1381 1403 traduntur
1395 1360 1446 1403 de
1462 1359 1668 1403 felicitate

296 1435 511 1494 sapientis,
537 1449 586 1476 ea
613 1449 695 1476 non
722 1434 860 1475 solum
889 1431 1128 1474 christianae
1151 1431 1364 1489 religionis
1392 1430 1665 1490 dogmatibus

294 1506 502 1559 nituntur,
521 1503 798 1548 verumetiam
818 1502 1000 1544 maxime
1018 1517 1115 1544 cum
1130 1501 1480 1559 philosophorum
1495 1501 1665 1560 placitis

295 1575 563 1619 conveniunt.
586 1575 638 1618 Hi
657 1574 813 1632 quippe
830 1572 1140 1616 beatitudinem
1158 1573 1200 1614 in
1217 1572 1406 1630 corporis
1428 1571 1664 1615 externisve

291 1647 439 1697 bonis,
467 1662 560 1704 quae
587 1661 640 1688 ne
662 1646 875 1687 bonorum
901 1644 1096 1701 quidem,
1124 1644 1198 1686 scd
1220 1651 1385 1686 tantum
1412 1641 1664 1687 commodo-

294 1733 389 1761 rum
419 1717 591 1760 nomine
615 1715 843 1773 dignantur
875 1713 1031 1763 Stoici,
1072 1713 1402 1771 haudquaquam
1432 1711 1662 1756 consistere

293 1786 475 1831 mirifice
507 1788 822 1835 demonstrant;
851 1800 900 1828 ac
932 1784 1111 1843 proinde
1138 1785 1223 1827 sire
1253 1784 1341 1842 ipsa
1375 1783 1540 1831 adsint,
1575 1781 1662 1825 sive,

297 1858 448 1908 absint,
473 1857 649 1916 perinde
671 1872 763 1899 esse
783 1857 836 1898 ad
860 1855 1189 1904 beatitudinem,
1217 1870 1309 1912 quae
1331 1869 1414 1896 una
1436 1853 1478 1896 in
1506 1852 1662 1895 virtute

293 1929 425 1988 posita
442 1928 511 1971 sit.
529 1927 712 1971 Pulchre
733 1941 832 1968 sane
848 1958 858 1975 ,
878 1925 958 1968 nisi
976 1926 1214 1968 doctrinam
1231 1941 1350 1968 suam
1370 1925 1448 1984 ipsi
1464 1925 1661 1967 ductores

294 1998 421 2042 animi
445 2007 610 2042 tumore
627 2006 752 2055 atque
769 1996 1007 2055 arrogantia
1026 1996 1314 2054 corrupissent
1327 2028 1337 2045 ,
1362 2003 1406 2038 ct
1426 2002 1561 2038 semet
1575 1993 1667 2037 vita

294 2071 459 2115 dissona
493 2069 620 2113 etiam
651 2067 762 2118 suis,
796 2075 898 2126 puta
933 2066 1232 2125 Aristophani,
1261 2066 1458 2121 Luciam
1478 2073 1522 2121 et
1543 2063 1663 2113 aliis,

292 2140 490 2183 ridendos
504 2138 809 2199 propinassent.
829 2137 874 2191 Si
888 2138 956 2181 cui
977 2145 1120 2181 autem
1136 2137 1310 2180 libuerit
1323 2137 1436 2180 hanc
1454 2133 1661 2191 doctrinm

289 2209 638 2258 consensionem,
663 2211 717 2252 de
737 2223 818 2266 qua
841 2208 1073 2266 loquimur,
1098 2207 1264 2266 plenius
1288 2220 1570 2266 cognoscere,
1595 2205 1664 2260 le·

293 2288 361 2339 gat
383 2282 613 2324 secundam
630 2294 680 2323 ac
696 2279 864 2322 tertiam
878 2279 1037 2331 Quaest.
1060 2278 1185 2321 Tusc.
1211 2276 1452 2326 Ciceronis,
1476 2276 1555 2318 sed
1569 2287 1667 2333 pra>

291 2351 454 2394 caeteris
485 2350 698 2408 quintam,
728 2349 771 2392 in
802 2365 884 2407 qua
910 2349 1204 2411 pereleganter
1231 2346 1416 2391 ostendit
1445 2346 1667 2404 vittatam

294 2421 353 2464 ad
372 2420 492 2463 beate
508 2420 756 2463 vivendum
771 2421 881 2462 satis
899 2434 1035 2478 posse.
1062 2419 1191 2471 Quod
1211 2424 1509 2478 argumentum
1525 2413 1662 2473 magis

295 2490 595 2550 compendiose
620 2491 671 2533 ab
709 2491 862 2533 eodem
897 2498 1105 2533 tractatur
1135 2489 1178 2532 in
1208 2504 1259 2532 eo
1291 2489 1504 2548 paradoxo
1534 2483 1666 2544 cujus

292 2564 446 2610 lemma
470 2569 534 2606 est
554 2576 564 2605 :
593 2566 667 2605 Οτι
686 2564 861 2618 αὒτάρκης
875 2564 898 2607 ἡ
914 2564 1020 2616 ἀρετ-ἠ
1040 2565 1128 2616 πρὶς
1144 2561 1370 2616 εὐδαιμονίαν.
1628 2564 1631 2565 ’
