1780 3120
375 246 429 275 1111
462 244 583 274 mm
613 245 669 275 111·
703 244 851 274 mma.
889 244 1011 275 11111111
1043 244 1160 276 nnus.
1395 230 1450 284 61

82 321 387 372 ramlaudari,
412 321 565 365 deinde
585 321 727 379 sponsi
751 336 896 365 amore
917 328 1115 364 revocata
1132 320 1192 364 ait
1209 336 1222 365 ε
1250 339 1268 362 ι
1289 322 1338 365 10
1358 322 1455 366 1101·-

82 402 207 437 »tum
228 391 349 446 nucis
370 391 572 435 descendi
592 390 737 435 videre
760 391 803 434 in
819 390 1040 435 nativitate
1067 390 1311 435 torrentis¹.
1334 410 1351 432 ι
1372 390 1454 436 Ubi

0 455 6 461 ᾖ
82 464 199 508 enim
212 472 276 507 est
296 462 484 506 Ecclesia
498 494 512 513 ,
530 461 609 504 nisi
627 462 700 505 11111
715 462 829 521 virga
845 470 888 506 et
908 462 1043 520 gratia
1061 461 1186 505 floret
1207 463 1453 506 sacerdota—

82 534 140 578 lis
151 534 171 578 Ρ
181 535 245 578 1111
254 542 317 577 est
328 534 589 591 frequenter,
609 541 656 575 ut
666 533 710 576 111
723 532 1081 576 amaritudinibus
1095 541 1140 576 et
1153 533 1456 577 tentationibus

80 604 304 663 probetur.
333 603 417 647 Per
441 617 595 646 nucem
621 603 925 646 amaritudines
944 603 1242 662 intelligimus,
1267 619 1344 662 per
1364 612 1456 646 tor-

81 682 250 718 rentem
272 673 551 723 tentationes,
579 672 654 716 sed
674 681 817 716 tamen
836 673 1098 723 tolerabiles,
1121 674 1219 731 quia
1248 673 1456 731 scriptum

82 751 148 786 est
171 758 182 786 :
222 761 240 783 ι
267 743 521 786 Torrentem
548 742 820 802 pertransivit
848 743 989 786 anima
1018 751 1165 785 nostra
1187 742 1221 786 ².
1252 762 1269 782 ι
1306 743 1456 800 ltaque

84 813 306 857 descendit
327 812 370 854 in
390 813 535 856 locum
556 813 866 863 amaritudinis,
886 812 962 855 ubi
981 812 1107 856 ssorct
1128 812 1243 862 vitis,
1266 821 1310 855 et
1325 814 1455 855 malo-

83 897 182 925 rum
201 891 476 942 granatorum
500 882 642 941 specie
658 883 848 926 diversus
867 891 912 926 et
929 883 1152 941 multiplex
1167 883 1356 933 fructus,
1380 883 1457 941 qui

82 953 200 994 velut
214 967 301 994 uno
318 952 502 1010 tegmine
514 953 641 995 totius
657 953 848 1011 corporis
864 952 950 996 fide
965 962 1010 996 et
1025 953 1232 996 charitate
1244 954 1447 997 munitur.

83 1020 140 1065 In·
156 1021 227 1064 illa
249 1037 351 1080 ergo
377 1021 660 1065 amaritudine
680 1037 767 1064 non
788 1023 989 1080 coguovit
1009 1038 1055 1065 se
1083 1024 1223 1066 anima
1236 1040 1251 1072 ς
1274 1039 1455 1082 corrup-

82 1091 204 1135 tibile
217 1091 332 1134 enim
356 1107 510 1151 corpus
532 1101 729 1151 aggravat
749 1092 959 1142 animam,
984 1101 1029 1136 et
1049 1101 1267 1136 terrenum
1282 1094 1454 1136 habita-

83 1162 230 1205 culum
248 1161 335 1204 cito
355 1161 596 1205 inclinatur.
615 1162 885 1221 Cognoscere
901 1171 1045 1207 autem
1062 1179 1231 1223 semper
1246 1179 1291 1207 se
1307 1165 1451 1215 debet,

79 1231 168 1276 Sed
179 1240 364 1275 tentatus
376 1240 440 1275 est
454 1241 499 1275 et
508 1232 675 1282 Petrus,
690 1241 734 1275 et
750 1249 836 1276 non
850 1249 895 1276 se
906 1235 1106 1293 cognovit
1116 1243 1161 1278 et
1170 1235 1340 1285 Petrus;
1355 1250 1456 1279 nam

79 1303 121 1346 si
135 1303 416 1362 cognovisset,
435 1317 520 1346 non
533 1304 769 1361 negavisset
778 1303 1027 1348 Auctorem.
1041 1305 1127 1348 Sed
1139 1306 1339 1364 cognovit
1352 1320 1456 1349 eum

86 1371 307 1416 Christus:
326 1373 511 1431 denique
528 1374 740 1432 cognovit,
758 1374 831 1432 qui
849 1374 979 1417 etiam
1000 1390 1100 1418 eum
1122 1376 1306 1434 respexit
1327 1375 1342 1432 (
1359 1390 1457 1434 cog-

85 1443 224 1486 noscit
246 1443 362 1486 enim
384 1443 593 1486 Dominus
624 1444 697 1502 qui
722 1454 822 1488 sunt
852 1445 1012 1503 ipsius)
1039 1453 1083 1488 et
1108 1453 1310 1503 tanquam
1331 1460 1457 1488 suum

83 1513 387 1557 misericordiae
396 1529 482 1556 sua:
492 1514 639 1563 frenis,
656 1522 703 1556 ut
718 1515 857 1558 bonus
877 1523 1020 1558 rector
1038 1516 1253 1559 revocavit
1268 1531 1293 1558 a
1312 1517 1448 1574 lapsu.

84 1583 248 1639 Rector
267 1600 368 1643 ergo
384 1594 529 1628 noster
551 1585 744 1628 Christus
764 1594 841 1630 est.

142 1655 274 1700 LXV.
311 1655 498 1713 Ideoque
514 1655 582 1698 ait
610 1656 777 1698 anima:
811 1675 828 1695 ι
847 1657 990 1700 Posuit
1011 1672 1081 1700 me
1101 1671 1254 1700 currus
1272 1657 1452 1701 Amina-

86 1725 203 1774 »dab
215 1724 247 1769 ⁸.
264 1744 283 1766 n
305 1725 458 1768 Anima
473 1740 575 1784 ergo
591 1741 744 1769 currus
758 1726 833 1783 11111
848 1727 1013 1769 11000111
1029 1735 1240 1770 rectorem
1257 1727 1448 1770 sustinet.

85 1794 133 1839 Si
170 1810 323 1838 currus
352 1803 417 1838 est
448 1795 611 1845 anima,
644 1795 774 1839 habet
798 1811 932 1855 equos
955 1798 1024 1839 vel
1050 1797 1186 1840 bonos
1207 1798 1276 1840 vel
1302 1798 1451 1839 malos.

84 1866 196 1911 Boni
219 1866 319 1925 equi
341 1866 518 1911 vin-tutes
538 1875 638 1910 sunt
658 1868 810 1911 animae
829 1884 841 1910 ε
862 1868 963 1911 mali
978 1868 1095 1925 equi,
1121 1869 1337 1927 passiones
1357 1876 1459 1912 sunt

86 1937 296 1995 corporis.
324 1937 470 1980 Bonus
494 1952 596 1995 ergo
617 1946 761 1980 rector
778 1940 913 1981 malos
932 1954 1065 1996 equos
1085 1939 1302 1997 restringit
1322 1947 1367 1981 et
1385 1954 1459 1982 re—

86 2016 237 2057 vocat,
260 2008 397 2050 honos
420 2006 580 2049 incitat.
594 2006 716 2050 -Boui
742 2007 842 2065 equi
860 2015 958 2050 sunt
979 2016 1180 2065 quatuor,
1201 2008 1426 2066 prudentia
1441 2040 1454 2058 ,

86 2077 385 2137 temperantia,
408 2075 630 2125 fortitudo,
653 2076 828 2134 justitia.
856 2077 955 2122 Mali
973 2077 1090 2135 equi.
1107 2078 1342 2127 iracundia,
1356 2092 1457 2120 con-

87 2146 350 2204 cupiscentia
362 2177 376 2196 ,
400 2145 554 2196 timor,
581 2146 791 2204 iniqnitas.
817 2148 1038 2191 Interdum
1060 2148 1139 2207 ipsi
1158 2148 1257 2205 equi
1282 2149 1392 2191 inter
1411 2163 1459 2191 se

88 2215 309 2265 dissident,
317 2224 360 2259 et
371 2216 668 2268 autiracundia
680 2218 916 2276 protendit,
927 2227 1000 2262 aut
1006 2219 1151 2268 timor,
1161 2227 1205 2262 et
1214 2234 1259 2261 se
1272 2219 1456 2263 invicem

87 2285 344 2344 impediunt,
361 2295 405 2330 et
419 2302 592 2330 cursum
602 2290 831 2332 retardant.
851 2288 909 2333 At
924 2304 1023 2332 vero
1038 2289 1141 2332 boni
1155 2289 1255 2346 equi
1266 2291 1452 2339 evolant,

84 2364 134 2400 et
151 2372 175 2400 a
191 2357 315 2400 terris
331 2358 387 2400 ad
404 2358 622 2416 superiora
644 2374 690 2401 se
708 2358 949 2417 subrigunt,
970 2359 1241 2416 animamque
1259 2361 1450 2402 elevant:

87 2426 273 2471 maxime
303 2426 339 2470 si
364 2426 516 2486 jugum
537 2428 724 2471 habeant
746 2443 901 2477 suave.
920 2436 966 2471 et
989 2443 1098 2471 onus
1126 2429 1220 2471 leve
1241 2428 1420 2472 dicentis
1439 2444 1452 2471 ε

96 2512 119 2534 ι
146 2495 299 2540 Tollite
327 2495 479 2555 jugum
511 2512 657 2541 meum
684 2513 812 2557 super
841 2513 946 2547 vos;
980 2498 1132 2557 jugum
1162 2498 1279 2541 enim
1308 2513 1456 2542 meum

131 2595 148 2610 ¹
166 2586 267 2622 Cant.
283 2598 331 2629 vr,
349 2598 401 2623 ιο.
417 2606 459 2614 -
472 2598 487 2615 ·
502 2588 589 2624 Psal-
606 2600 726 2630 exuit,
742 2591 774 2624 5.
791 2607 832 2614 -
846 2590 861 2613 ³
876 2589 975 2624 eant.
989 2600 1036 2628 vn,
1053 2600 1106 2623 ιι.
